2842 4942
166 3552 185 3637 a
209 3549 260 3618 11.

802 318 846 387 30

280 491 502 579 scriptoribus
517 493 651 578 collata,
669 495 862 581 quibuscum
873 493 1103 583 Apolloniana
1116 498 1363 582 comparentur,

279 630 347 675 non
375 607 492 677 habeo.
543 611 618 695 Qua
647 609 690 678 de
718 633 756 678 re
788 611 976 680 Schmidius
1006 611 1029 678 l.
1052 611 1076 678 l.
1099 635 1133 699 p.
1155 612 1216 679 97:
1259 611 1364 699 „sehr

279 726 469 794 verbreitet
489 727 538 795 ist
558 727 614 794 bei
635 727 869 796 Philostratus
892 728 946 796 die
968 727 1151 816 poetische,
1174 731 1258 797 aber
1281 728 1365 797 auch

279 842 341 910 der
363 848 460 929 κοινή
480 843 577 912 nicht
605 845 733 913 frende
756 845 856 930 Sitte,
887 867 931 914 an
954 847 1080 930 Verba,
1109 846 1211 914 meiat
1241 846 1363 929 solche,

279 959 334 1028 die
364 962 427 1028 mit
456 960 578 1050 Praep.
610 966 939 1051 zusammengeeetzt
975 962 1060 1047 sind,
1100 962 1247 1031 Nomina
1281 963 1365 1031 ohne

277 1075 401 1166 Praep.
423 1077 470 1144 im
491 1078 609 1146 reinen
630 1078 745 1146 Kaeus
769 1079 1005 1168 anzuhiingen3
1029 1079 1071 1148 of.
1095 1103 1127 1169 p.
1151 1081 1225 1165 714,
1247 1081 1314 1166 27.

365 1195 415 1262 Ut
444 1195 608 1264 nonnulla
638 1197 743 1263 verba
774 1196 936 1281 dativum,
970 1197 1023 1265 ita
1053 1197 1123 1264 alia
1153 1197 1289 1286 poetica
1312 1196 1366 1266 vel

279 1311 374 1400 epica
395 1312 601 1400 genetivum,
632 1336 696 1402 quc
720 1316 883 1382 carebant
904 1313 1024 1402 primo,
1056 1313 1123 1382 sibi
1144 1314 1365 1402 coniungunt,

278 1432 319 1496 ut
341 1434 527 1515 λελιῆσθαι,
557 1429 719 1517 ἐριγιύειν,
750 1431 970 1516 ἐπορέγεσθαι
981 1431 1023 1519 ¹);
1056 1430 1126 1499 alia
1147 1431 1272 1499 usitati
1297 1452 1366 1499 ser·

277 1546 385 1614 monis
415 1546 592 1636 analogiae
619 1547 655 1615 vi
682 1550 860 1615 structura
890 1570 990 1636 quarn
1019 1547 1210 1617 habuerant
1241 1548 1368 1616 amissa

278 1685 353 1730 cum
374 1665 534 1750 genetivo
558 1667 814 1750 construuntur,
838 1664 935 1733 velut

279 1782 340 1848 ούκ
363 1781 530 1868 ἀθερίζειν
553 1782 679 1868 (Homz
704 1781 785 1868 acc.)
807 1782 836 1866 I,
862 1783 926 1849 123
948 1782 998 1850 al:
1022 1781 1184 1869 (ἀμελεῖν)

279 1897 433 1982 ἀρχεύειν
456 1898 581 1987 (Hom.:
606 1899 689 1984 dat.)
712 1899 741 1983 Ι,
765 1899 830 1966 347
1020 1898 1160 1986 (ἄρχειν)

278 2017 459 2101 μεμαρπώς
481 2014 608 2103 (Hom.:
632 2015 712 2103 acc.)
735 2019 853 2084 crebro
1021 2014 1144 2103 (ψαύω)

279 2132 421 2218 ῥύεσθαι
445 2132 572 2218 (Homt
588 2135 655 2200 ὑπό
665 2132 790 2221 agen.)
805 2133 850 2217 Π,
867 2133 932 2200 218
947 2133 990 2201 al.
1007 2130 1367 2219 (incarminatricem).

364 2250 518 2338 Denique
533 2250 588 2318 hio
601 2250 764 2318 nonnulla
780 2251 914 2320 obviam
927 2251 1070 2319 veniunt
1084 2251 1198 2332 verba,
1222 2271 1368 2337 quorum

279 2370 452 2436 structura
467 2391 541 2436 oum
556 2369 687 2437 usitata
709 2369 885 2456 congruit:
909 2370 1056 2452 ἄγασθαι
1071 2367 1144 2456 (H.:
1160 2367 1251 2453 aco),
1275 2369 1366 2434 εἰσα-

278 2487 393 2552 κούειν
416 2485 489 2573 (H.:
512 2485 592 2553 intr.
617 2492 646 2552 Θ
662 2485 727 2573 97),
751 2497 868 2572 κυρεῖν
890 2483 964 2572 (H.:
987 2483 1057 2553 dat.
1075 2483 1151 2571 aar),
1175 2489 1295 2571 λωφᾶν
1317 2483 1364 2564 Π,

279 2602 353 2687 649,
376 2602 442 2687 ΙΠ,
467 2604 532 2670 784
553 2603 626 2691 (Ha
650 2608 850 2690 καιαλωφᾶν
873 2625 899 2669 c.
913 2624 1000 2692 gen,
1024 2628 1037 2668 ι
1057 2602 1135 2689 459)
1170 2624 1244 2669 cum
1264 2623 1365 2689 gene·

278 2720 351 2789 tivo
383 2720 501 2788 crebro
533 2720 760 2804 inveniuntur,
799 2720 890 2787 haud
926 2719 1029 2787 aliter
1058 2741 1097 2787 ac
1126 2719 1366 2786 πυνθάνεσθαι

278 2837 363 2924 ὑπέρ
387 2861 413 2905 c.
437 2860 523 2925 gen,
553 2837 616 2921 IV,
640 2836 715 2921 531,
746 2837 805 2905 ubi
832 2836 916 2922 ὑπέρ
945 2859 1008 2925 pro
1038 2836 1174 2924 vulgari
1203 2838 1283 2922 περί
1303 2836 1367 2903 aut

278 2952 383 3022 habet
411 2952 599 3042 exemplum
629 2954 844 3022 Homericum
867 2959 895 3018 Z
918 2953 983 3020 524
1012 2954 1096 3038 ὑπὲρ
1128 2952 1230 3020 σέθεν
1261 2956 1365 3039 αἴσχε’

280 3072 391 3138 ἀκούω
423 3074 484 3139 aut
506 3094 544 3139 eo
568 3071 728 3159 pertinet,
762 3093 826 3160 quo
851 3093 879 3138 e.
902 3093 953 3158 gr.
977 3093 1057 3138 uene
1080 3069 1291 3157 Polybianus
1314 3091 1366 3138 re·

280 3188 440 3257 ferendus
463 3192 527 3269 est,
549 3188 639 3276 quod
660 3188 723 3255 illa
738 3192 854 3256 aetate
869 3191 948 3274 περί
962 3191 998 3256 et
1012 3186 1097 3274 ύιιέρ
1112 3209 1251 3275 prorsus
1274 3186 1367 3255 inter

281 3328 316 3373 se
347 3306 608 3394 permiscentu15
645 3327 710 3394 qua
743 3305 785 3374 de
814 3329 850 3374 re
881 3305 1074 3375 Kaeikerua
1118 3304 1191 3392 egit
1225 3304 1365 3392 (Lngr.

280 3422 352 3492 sea
377 3424 443 3508 ΠΙ,
466 3447 497 3512 p.
521 3423 683 3510 mosso-
1206 3401 1210 3408 ’

366 3541 498 3609 Deinde
538 3541 569 3608 si
603 3541 646 3608 ad
680 3542 907 3611 accusativum
940 3538 1222 3627 transgredimur,
1263 3538 1368 3607 etiam

279 3660 389 3728 maior
411 3681 570 3726 numerus
593 3662 647 3727 eat
668 3659 812 3741 illorum,
838 3680 922 3747 quae
944 3679 1144 3746 quamquam
1159 3658 1201 3724 ab
1217 3655 1367 3724 Homero

281 3779 370 3847 nude
404 3781 484 3845 sunt
517 3776 643 3865 posita,
690 3777 795 3844 omnis
829 3775 920 3842 modi
954 3775 1121 3842 obiectum
1163 3772 1367 3857 adsciscunt,

374 3962 402 4032 1)
422 3960 571 4026 ὀιιίζεσθιιι
591 3959 622 4012 L.
637 3957 710 4014 falsa
728 3957 957 4027 interpretatione
975 3957 1051 4014 uisus
1069 3958 1123 4012 huc
1140 3954 1241 4024 refert3
1260 3954 1296 4025 11,
1316 3958 1368 4010 181

281 4064 314 4119 ού
334 4063 360 4118 θ’
380 4061 464 4118 ὅσσον
489 4061 601 4127 ὀπίζετο
630 4060 679 4116 καὶ
704 4059 773 4122 Διὸς
798 4060 886 4115 αύιού
910 4061 1010 4129 χρείων
1035 4053 1171 4127 ἀτρεκέως
1198 4053 1275 4124 ἱερὸν
1299 4053 1370 4111 νόον

285 4166 484 4234 ἀνθρώποισιν
503 4189 537 4213 =
556 4164 608 4219 ούιι
626 4162 756 4235 ᾐσχύνθη
782 4159 850 4218 οὐδὲ
874 4160 924 4218 τὸν
943 4160 1012 4224 Διὸς
1030 4167 1100 4216 νούν
1117 4163 1177 4222 τοῖς
1201 4156 1370 4226 ἀνθρώποις

282 4269 462 4342 χρησμῳδῶν.
