2842 4942
696 359 737 426 01

263 532 415 620 lapelee:
435 530 498 620 IV,
512 534 597 602 1440
611 534 689 616 τόξα
703 558 748 621 τε,
765 545 852 602 τοῖσι
866 532 976 620 πόλοιρ
991 533 1058 602 τόδ
1071 531 1260 621 ἀπέφθισεν

175 651 361 737 ἰοβολήσας.
399 651 551 722 Verbum
566 653 723 738 λοβολεῑν,
746 651 836 720 idem
850 672 974 720 senene
987 653 1093 740 eique
1110 651 1259 739 segitem

173 764 328 852 mittere,
367 771 483 838 exstet
515 768 570 837 hie
602 772 640 839 et
669 768 712 837 A.
725 769 763 837 P.
793 770 836 854 V,
861 768 903 837 10
939 770 1002 837 οὐκ
1032 767 1087 835 ἐπὶ
1121 767 1257 856 θῆρας)

175 887 312 971 ὄρνυται
334 885 402 953 ἀλλ’
429 885 477 954 ἐπ’
502 886 586 973 ἐμήν
608 888 737 972 λοβολεῖ
752 888 904 973 κραδίην.
941 886 1040 955 Talia
1055 909 1129 954 cum
1143 888 1259 973 -βόλος

173 1002 322 1071 formata
344 1003 528 1092 composita
558 1025 689 1094 semper
717 1003 850 1072 usiieta
880 1007 994 1088 erent3
1025 1003 1074 1071 sie
1096 1002 1162 1092 Ap.
1185 1001 1258 1092 ipse

175 1119 397 1207 δκοντοβόλος
432 1121 479 1204 Π,
504 1120 590 1188 1000
623 1122 783 1206 novavit3
832 1121 875 1189 ef.
908 1144 935 1190 e.
968 1143 1022 1209 gr.
1066 1123 1258 1207 λιθοβόλος,

174 1240 389 1324 λνδοβόλησις
404 1237 517 1328 (Hipp.
533 1238 582 1324 H,
598 1239 642 1306 48
660 1236 861 1326 Kuehlew.)‚
885 1242 1073 1324 λιθοβολόα.
1115 1237 1256 1306 Nonnus

174 1353 316 1444 denique
338 1358 532 1442 οόστοβόλος
553 1356 595 1423 D.
619 1350 749 1440 XXIV,
768 1355 831 1423 139
852 1355 1028 1425 formavik.

258 1471 485 1559 κατευκηλέωι
520 1472 585 1557 IV,
608 1472 694 1540 1058
716 1473 889 1559 ἐπήλυθεν
911 1473 1121 1561 εὐνήτειρα)

259 1590 334 1670 Νὺξ
357 1593 466 1675 ἔργον
487 1592 656 1678 όνδρεσσι,
685 1595 907 1678 κατευκήλησε
937 1591 975 1657 δὲ
1003 1600 1114 1658 πᾶσαν
1132 1590 1138 1678 )
1156 1600 1256 1675 γαῖαν

173 1706 267 1792 ὁρῶς.
311 1705 411 1790 Quod
433 1708 574 1776 verbum
595 1707 689 1776 nullo
711 1708 778 1776 nisi
800 1707 862 1777 hoe
884 1708 957 1776 loco
977 1729 1153 1776 occurrens
1168 1706 1256 1776 deri·

172 1827 290 1891 vatum
311 1825 366 1891 est
387 1825 429 1891 eb
452 1818 634 1912 Apollonio
659 1823 701 1892 de
723 1824 817 1914 epioe
839 1847 921 1894 voce
944 1825 1090 1909 εὔκηλος.

257 1939 480 2026 ὑποδρήσσωι
523 1936 594 2024 m,
617 1939 682 2007 274
725 1941 949 2027 ὑποδρήσσων
989 1944 1123 2026 βασιλῆι
1156 1940 1256 2029 (Mus.

173 2055 248 2142 142)
279 2079 343 2145 pro
365 2054 544 2125 Homerico
576 2058 739 2126 vocabulo
772 2058 941 2145 ὑποδρόω,
976 2057 1082 2126 ο333
1111 2058 1147 2125 ολ
1172 2075 1255 2146 σφιν

171 2173 371 2262 δποδρόοσι
402 2174 435 2262 (ο
458 2173 524 2242 330
549 2174 812 2263 ὑποδρηστῆρες)
844 2178 1006 2245 novatum
1027 2177 1103 2259 eet,
1133 2174 1254 2261 neseio,

172 2310 238 2378 qua
260 2290 403 2359 ratione.

256 2408 477 2495 ιἰνασειρόζωι
517 2408 544 2492 Ι,
568 2408 632 2475 391
669 2412 706 2476 οἳ
732 2409 772 2476 δέ
801 2433 860 2495 μιν
893 2409 951 2497 (ec.
982 2409 1057 2496 νῆα)
1096 2405 1179 2477 αὖθι
1208 2408 1255 2491 δή

171 2523 443 2612 ἀνασειράζοντες
464 2526 753 2612 ἔχονπροτέρωσε
775 2537 924 2594 κιοῦσαν.
977 2524 1130 2593 Eundem
1153 2524 1255 2614 signi-

168 2641 305 2710 fieeium
342 2641 459 2712 eodem
491 2665 610 2712 versus
652 2642 725 2712 Ιοοο
768 2643 928 2712 adsciscit
964 2642 1054 2732 apud
1087 2643 1254 2728 Nonum,

167 2758 209 2828 D.
234 2759 276 2845 V,
300 2759 364 2826 241
387 2765 512 2848 μήποτε
534 2767 725 2848 θηρητῆρος
746 2759 967 2847 ἐπειγομένου
988 2762 1093 2839 ποδὸς
1116 2761 1201 2847 ὅρμη

255 2878 301 2958 δή
318 2876 565 2964 δνασειρόζοιτο
581 2877 795 2961 καθιεμένοιο
810 2889 949 2964 χιτῶνος
972 2876 1027 2965 (ef.
1040 2876 1080 2943 D.
1096 2877 1176 2962 XII,
1191 2876 1254 2944 127

168 2996 347 3072 Πακτωλὸς
382 2998 534 3080 κροκόεις
570 2995 764 3081 ἀνεσείρασε
795 2994 960 3080 πένθιμον
996 2994 1112 3080 ὕδωρ).
1173 2993 1255 3062 Alia

167 3111 282 3178 autem
298 3111 464 3187 esi-verbi
487 3111 689 3200 significatio
712 3111 802 3200 apud
816 3110 1025 3199 Euripidem,
1041 3109 1255 3200 ffipp01.237

168 3227 257 3306 ὅστις
278 3244 316 3294 σε
337 3236 429 3296 θεῶν
451 3228 658 3317 όνασειρολζει
686 3227 740 3294 καὶ
772 3231 976 3314 παρακόπτοι
1008 3227 1143 3314 φρένας.
1187 3225 1254 3296 Sed

167 3361 239 3411 eum
253 3342 324 3413 alie
337 3345 493 3434 exempla
507 3345 630 3426 desini,
655 3345 818 3434 quomodo
842 3344 877 3411 hi
898 3344 964 3413 loei
978 3345 1071 3412 inter
1085 3367 1122 3413 se
1137 3343 1253 3413 cohae-

166 3464 278 3545 reant,
310 3461 467 3550 cognosci
487 3484 555 3531 non
578 3467 714 3550 potest3
747 3461 801 3548 (ne
825 3462 962 3547 σειρόζω
994 3460 1127 3549 quidem
1157 3461 1254 3530 nobis

165 3577 332 3646 traditum
355 3579 429 3666 esi).

250 3693 356 3785 Apud
377 3695 597 3785 Apollonium
628 3694 773 3783 primum
805 3694 979 3764 invenitur
1012 3695 1153 3764 verbum
1182 3701 1252 3763 λοι·

257 3880 284 3950 1)
303 3878 475 3950 Singularem
500 3880 556 3935 hoe
579 3881 639 3935 loco
667 3879 753 3936 habet
775 3896 829 3935 vox
854 3877 1001 3947 εὐνήτειρα
1019 3879 1171 3935 notionem:
1196 3892 1252 3934 nex

163 3980 238 4036 venit
257 3980 413 4047 εδνολζονοα
432 3978 500 4050 ἔργα
519 3980 568 4036 καλ
586 3978 700 4043 πόνους.
738 3980 820 4051 Apud
839 3981 936 4037 Aesch.
955 3980 1045 4035 Prom.
1065 3981 1117 4036 895
1139 3974 1251 4050 Aegion

165 4080 234 4143 Διὸς
251 4080 400 4150 ιδυολτειρα
425 4082 473 4152 (ef.
492 4082 568 4138 Pers.
591 4084 653 4153 158)
678 4081 750 4138 idem
768 4081 843 4137 valet
868 4087 952 4151 atque
974 4079 1090 4150 ἄκοιτις,
1115 4080 1190 4136 velut
1209 4079 1251 4136 εδ-

162 4178 250 4253 νήτηρ
269 4206 304 4231 =
322 4183 445 4252 ἀκοίτης.
492 4182 623 4240 Similiter
649 4183 714 4254 Lye.
736 4184 787 4238 144
813 4181 950 4251 εδναστήρ
975 4198 1026 4252 pro
1052 4198 1084 4238 οο
1110 4181 1184 4252 qnod
1207 4187 1251 4239 eet

163 4285 287 4354 maxiem,
314 4283 538 4356 0994110073
564 4282 701 4354 εόναοτῆρ
720 4285 802 4347 λίθος
826 4301 878 4355 pro
903 4283 1004 4341 εδναλοι
1028 4282 1180 4343 adhibitum
1199 4288 1249 4343 eet
