2842 4942
690 345 733 412 63

170 519 338 606 momenti,
361 519 535 608 δλίνδησις
551 521 680 611 (Hipp.)
695 523 928 610 comprobant,
952 520 1101 589 osterum
1121 519 1253 590 formae

170 636 329 724 ἐξαάῖσας,
362 638 497 725 ἐξήλῖιια
519 638 592 726 (Ar.
615 637 704 707 Nub.
728 637 806 726 241)
830 637 911 727 quin
933 637 1158 727 adpraesens
1181 637 1253 718 ἐξαὲ

169 756 271 822 roseo
301 756 355 823 vel
385 754 561 836 ἐξαλινδέοι
590 755 788 824 referendos
815 755 900 840 sint,
931 776 999 822 non
1028 755 1166 823 dubium
1187 758 1251 824 est.

171 870 319 955 Quorum
342 876 520 962 utrumme
542 872 716 941 exstitisse
746 872 899 942 videtur:
931 871 1128 940 άάίνδεσδαι
1154 872 1253 945 novis

169 987 347 1073 Nicander,
368 989 417 1058 lb.
441 990 505 1057 266
527 988 657 1079 μεσάτῳ
681 988 891 1056 ἐπαλίνδεται
915 989 1012 1076 ὁλκῷ.

265 1104 442 1193 ἐπαρτίζοει
477 1105 510 1191 Ι,
533 1106 598 1173 877
643 1105 856 1191 ἐπαρτιῖοντο
900 1104 1056 1187 resedam
1106 1104 1141 1190 I,
1167 1104 1253 1173 1210

169 1220 328 1289 πάντα-
340 1221 578 1308 ἐπαρτίσσειεν.
622 1221 722 1304 Quod
737 1223 876 1290 verbum
895 1222 988 1290 inter
1007 1221 1117 1290 ionios
1138 1244 1252 1290 nume·

169 1337 312 1406 rendum
340 1361 412 1407 esse
441 1340 628 1430 composito
658 1339 728 1426 άπ,
752 1339 810 1424 ἐξ,
834 1341 1103 1428 είς-,κατ-αρτίζω
1132 1339 1251 1407 confir.
1323 1369 1326 1422 1
1353 1364 1359 1379 ε

169 1459 278 1542 mant3
309 1456 515 1543 ιἰρτίζεσδαι,
554 1457 639 1526 elios
669 1480 738 1524 non
767 1460 984 1546 usurpatum,
1018 1479 1040 1525 a
1070 1455 1251 1525 Theocrito

162 1571 258 1652 *rrae
287 1573 330 1640 43
370 1575 515 1660 Νύμφαι
548 1576 651 1661 χορὸν
685 1575 856 1660 άρτίζοντο
888 1573 979 1642 haud
1014 1574 1082 1642 seio
1118 1594 1162 1642 sn
1194 1596 1252 1642 no·

167 1692 283 1759 vetum
315 1690 370 1758 sil.
425 1690 562 1758 Pariter
599 1692 687 1760 enim
724 1695 827 1781 seque
858 1695 901 1761 sb
932 1691 1058 1760 veleris
1089 1691 1251 1761 sermonis

166 1805 396 1875 imiletoribus
420 1806 585 1897 simplicio
606 1809 743 1876 notione
766 1809 1024 1898 compositorum
1054 1808 1250 1895 induuntur,

167 1923 247 2013 (qus
266 1923 309 1992 de
338 1946 375 1993 re
405 1925 446 1993 of.
476 1949 508 2015 p.
533 1927 599 2012 28),
633 1926 681 1994 sio
712 1927 754 1994 ab
785 1926 909 1995 eisdem
940 1928 1056 1994 orebro
1088 1926 1253 2017 simplicio.

166 2041 356 2109 formentur
385 2064 486 2128 novs,
517 2065 603 2132 quoe
634 2043 766 2111 omnino
795 2044 831 2111 in
859 2067 924 2111 usu
945 2066 1013 2111 non
1034 2043 1174 2112 fuerent
1195 2042 1252 2112 vel
1340 2062 1344 2068 ·

165 2160 322 2248 usurpari
351 2160 420 2227 non
451 2163 616 2249 poterent
625 2160 649 2247 ¹)
687 2161 780 2229 ouius
811 2160 862 2229 rei
885 2160 1087 2249 Apollonius
1119 2181 1251 2249 quoque

165 2276 372 2345 luculentum
402 2280 546 2366 praebet
584 2279 779 2366 exemplum.
837 2277 1017 2346 Homerios
1031 2336 1033 2340 ,
1048 2277 1136 2346 enim
1166 2299 1250 2346 vooe

168 2393 331 2463 δοάσσατο
346 2396 350 2402 ’
365 2393 531 2463 adductus
564 2417 632 2463 non
670 2395 778 2463 solum
813 2395 962 2464 aotivum
996 2394 1139 2463 δοάσσαι
1173 2393 1254 2483 (ΠΙ,·

167 2509 230 2578 955
262 2512 385 2579 ὁππότε
415 2514 603 2580 δοῦπον-
618 2511 873 2601 παραθρέξαντα
896 2511 1051 2599 δοάσσαι)
1079 2510 1252 2596 formeris,

168 2627 226 2696 sed
248 2629 351 2697 etism
372 2652 434 2718 pro
457 2632 561 2698 verbo
578 2629 736 2712 ἐνδοιάζον
760 2628 904 2719 simplici
926 2651 1007 2698 vooe
1030 2628 1150 2711 δοιάξοε
1172 2651 1253 2697 usus

167 2747 219 2814 esi
248 2745 315 2831 HI,
339 2745 403 2814 819
427 2747 520 2815 οὐδ’
545 2749 592 2814 ἔτι
614 2747 739 2832 βουλάς
761 2749 844 2834 ἄλλῃ
867 2747 1071 2834 δοιάζεσκεν;
1101 2746 1165 2832 IV,
1189 2747 1253 2814 576

167 2863 208 2929 τὰ
231 2864 260 2929 δ’
285 2863 456 2950 ἠεροειδέα
493 2864 649 2931 λεύσσειν
682 2863 687 2951 Ι
722 2864 824 2949 οὔρεα
860 2863 1032 2945 δοιάζοντο
1069 2864 1252 2944 Κεραύνια.

167 2977 357 3066 (ἐπιδοιάζο
379 2979 523 3049 novaris
544 2979 609 3066 111,
634 2981 675 3047 21
705 2980 827 3059 πολέας
850 2981 879 3046 δ’
904 2979 1082 3049 ἐπεδοίασα
1105 2977 1253 3067 βουλάς).

168 3096 339 3179 Quaeres
363 3097 527 3185 quomodo
557 3119 593 3166 ιε
622 3097 774 3184 heberet,
806 3097 1035 3166 Buttmannus
1058 3095 1252 3185 explicavit,

166 3212 274 3281 Lexil.
297 3213 346 3300 II,
379 3237 413 3302 p.
438 3214 517 3300 102,
559 3213 618 3303 qui
653 3213 742 3284 idem
779 3214 918 3283 videbat
955 3213 1114 3297 ἐνδοιάζον
1145 3212 1187 3282 de
1216 3212 1253 3280 ἐν

258 3467 285 3538 1)
305 3465 418 3523 eandem
442 3483 500 3524 rem
518 3468 547 3523 in
566 3468 703 3524 ottioismo
729 3469 901 3525 observatam
925 3467 1007 3525 offert
1025 3465 1178 3524 Schmidius
1197 3467 1215 3522 l.
1234 3467 1252 3522 1.

165 3563 212 3637 lv,
232 3571 299 3624 714:
320 3569 429 3640 ,Verbo
455 3570 591 3639 simplicia
609 3569 719 3627 werden
738 3586 788 3626 aus
807 3570 963 3640 komposite
989 3569 1188 3626 ersohlossen“.
1215 3572 1253 3624 At

167 3669 254 3726 multo
272 3686 371 3740 perum
396 3671 544 3728 honorem
568 3672 701 3743 respexit,
729 3672 776 3748 qui
801 3665 963 3728 novissimis
990 3670 1105 3727 similem
1122 3669 1254 3726 demovit

167 3772 363 3842 quaestionem,
382 3773 407 3827 J.
420 3772 546 3828 Sterkius
560 3773 589 3827 in
601 3773 673 3828 libro
694 3773 767 3844 ,Der
785 3773 889 3829 latente
900 3762 1102 3842 Spraohsohetz
1121 3771 1252 3841 Homers;

167 3871 408 3929 Miinohen1908“
428 3873 570 3945 inscripto.
609 3874 662 3943 Qui
680 3875 799 3929 omnium
813 3873 873 3930 fere
886 3874 1098 3944 compositorum
1118 3871 1253 3942 simplicia

166 3971 286 4028 Homero
312 3979 379 4029 note
403 3973 490 4030 fuisse
510 3975 658 4044 contendit,
684 3976 811 4044 Homero,
832 3974 898 4045 ,der
916 3975 956 4030 sie
972 3973 1121 4044 jedenfalls
1139 3973 1252 4042 konnto,

170 4073 236 4129 aber
263 4090 313 4130 sus
332 4074 430 4145 irgend
447 4076 576 4132 welchem
595 4075 707 4131 Grunde
724 4076 801 4131 nicht
820 4075 980 4131 anwendte“
1000 4077 1039 4146 (p.
1060 4077 1120 4145 1s);
1147 4074 1195 4145 qui
1212 4074 1252 4145 fit,

167 4180 199 4230 ut
224 4176 344 4232 Homero
369 4192 452 4245 egr.
473 4174 615 4245 διδράοια
641 4176 782 4232 adscribat
800 4177 844 4232 vel
864 4175 983 4247 δημεύει,
1009 4177 1074 4245 quis
1092 4170 1252 4246 ἐπιδημεύω

167 4293 189 4330 π
208 4279 243 4333 28
262 4278 292 4350 (ε
310 4277 388 4334 verbi
413 4276 524 4348 δημεύει
552 4278 635 4348 plene
653 4277 762 4335 diverse
779 4278 902 4350 notione)
920 4277 1082 4335 invenietur.
