2842 4942
684 366 726 435 16

161 546 277 630 βαρεῖν
300 565 327 610 e.
350 548 410 632 gr.¹
428 542 519 632 apud
547 542 717 610 Heronem
726 541 749 626 ¹)
779 540 901 627 inveni,
933 562 1024 630 pass.
1046 540 1168 630 Polyb.
1192 542 1245 626 11,

159 658 209 739 33,
225 660 261 747 33
287 659 337 745 18,
353 659 385 744 4,
401 658 445 747 8).
477 659 546 727 Pro
563 681 625 727 sua
638 658 747 748 igitur
761 657 871 726 forma
885 657 1121 746 βεβαρημένος,
1144 680 1247 748 quam

158 776 345 845 invenimus
387 775 478 866 apud
509 776 688 846 Platonem
727 775 845 864 Symp.
877 775 980 843 203ss
1018 776 1248 863 βεβαρημένος

159 891 266 977 εὗδον,
297 894 438 963 Thecer.
462 900 565 962 Πτολ.
589 895 630 962 61
665 894 875 982 βεβαρημένοι
898 896 1064 979 ὠδίνεσσι,
1087 894 1153 984 Ap.
1177 893 1244 965 Rh.

158 1011 186 1097 I,
212 1012 297 1079 1266
319 1016 350 1098 β.
374 1014 520 1098 ἄσθματι
543 1015 666 1097 θυμόν,
698 1010 788 1100 apud
810 1010 993 1079 Homerum
1015 1011 1169 1100 repperit
1191 1016 1245 1098 βε·

161 1131 293 1216 βαρηύς
312 1128 387 1216 (IV,
404 1128 501 1213 1526)
525 1128 624 1214 γ139
648 1129 729 1216 οἴνςο
752 1132 952 1215 βεβαρηότες
975 1131 1006 1214 (τ
1023 1129 1107 1213 122).
1154 1127 1245 1212 Quid

164 1245 272 1332 igitur
301 1247 469 1330 obstabat,
501 1245 675 1335 quominus
707 1267 768 1334 pro
798 1245 998 1331 τετμημένος
1018 1246 1164 1331 τετμηύς
1185 1266 1244 1312 no·

157 1361 282 1430 varet?

245 1477 370 1547 Cetera
392 1480 434 1579 ab
456 1479 605 1548 Homero
628 1479 740 1547 aliena
760 1501 828 1546 non
851 1479 963 1547 omnia
983 1481 1243 1566 tractabuntur3

160 1617 244 1684 quae
260 1594 421 1665 videntur
438 1596 753 1666 commemoratione
769 1595 882 1684 digna,
899 1599 1095 1666 afferentur.
1133 1597 1161 1681 I,
1179 1597 1244 1664 624

159 1713 366 1798 αὐδηθεῖσαν
392 1736 453 1802 pro
481 1735 519 1781 eo
548 1717 601 1782 est
626 1713 783 1802 positum,
823 1714 911 1802 quod
945 1717 998 1781 est
1025 1713 1242 1803 appellatam.

159 1831 267 1914 Quam
288 1831 416 1919 passivi
432 1831 576 1898 formam
590 1830 773 1900 Homerum
795 1831 917 1899 babere
932 1854 1000 1899 non
1022 1831 1173 1919 potuisse
1189 1830 1244 1900 vel

159 1971 255 2016 exeo
272 1948 391 2033 elucet,
416 1949 504 2037 quod
519 1950 550 2017 ei
565 1973 597 2019 v.
614 1949 722 2017 αὐδᾶν
742 1949 901 2038 loquendi
914 1953 1050 2018 tantum
1070 1949 1243 2017 notionem

158 2064 271 2134 habet.
316 2064 384 2134 Sed
405 2066 473 2133 iam
495 2089 517 2134 a
537 2067 677 2156 tragicis
700 2067 821 2157 poetis,
846 2068 904 2156 qui
926 2067 1011 2135 banc
1032 2088 1147 2135 vocem
1168 2089 1244 2154 per·

159 2205 259 2272 saepe
282 2186 459 2272 usurpant,
483 2185 656 2272 passivum
678 2184 868 2269 adhibetur,
892 2207 920 2252 a.
936 2207 986 2272 gr.
999 2184 1122 2252 Aesob.
1148 2183 1241 2271 Sept.

159 2302 222 2368 678
244 2302 290 2388 τῷ
314 2301 436 2368 κάκιστ’
462 2301 643 2392 αὐδωμένῳ
660 2301 773 2390 (Soph.
789 2301 876 2368 Phil.
894 2303 973 2388 2403
998 2301 1118 2369 Trach.
1133 2300 1242 2386 1106).

156 2417 311 2505 Denique
325 2417 387 2485 hoc
403 2421 544 2486 verbum
557 2418 702 2485 ionicum
717 2419 821 2487 fuisse
834 2418 986 2507 exempla
997 2417 1195 2486 Herodotea
1206 2419 1243 2484 et

158 2534 389 2622 Hippocratea
402 2533 513 2617 (VIII,
530 2533 640 2618 750L)
653 2533 898 2603 demonstrant.
929 2534 1018 2602 Item
1032 2559 1064 2602 v.
1081 2535 1242 2600 παλύνειν

160 2649 289 2718 ionicae
312 2649 451 2719 dialecti
472 2649 576 2718 fuisse
599 2651 747 2735 videtur,
778 2652 870 2719 cuius
894 2652 1042 2720 activum
1064 2651 1240 2735 Homerus,
1267 2714 1274 2727 ,

157 2789 248 2856 pass.
271 2766 336 2855 Ap.
353 2767 419 2851 ΠΙ,
436 2767 477 2834 69
499 2768 696 2855 usurpavit:
720 2778 846 2857 νιφετῷ
869 2770 898 2835 δ’
922 2768 1104 2835 ἐπαλύνετο
1125 2768 1242 2853 ιιύντα,

160 2884 256 2955 velut
277 2884 416 2952 Theoor.
448 2891 577 2971 Νομεϊς
610 2886 653 2952 28
692 2885 734 2971 χδι
766 2885 884 2972 σῦριγξ
914 2885 1034 2973 εὐρῶτα
1062 2885 1243 2952 μολύνεται

159 3001 272 3090 (Soph.
296 3002 379 3069 Ant.
403 3003 484 3088 2475
508 3001 668 3090 Hippocr.
693 3002 795 3087 VIII,
821 3002 958 3090 17412).

248 3119 327 3206 Ipse
359 3121 474 3186 autem
503 3119 569 3207 Ap.
592 3119 765 3207 passivum
795 3119 892 3188 verbi
922 3123 1118 3206 τερσαίνειν,
1154 3116 1244 3207 quod

163 3234 339 3325 proprium
362 3237 415 3303 est
437 3235 550 3324 opicae
580 3235 780 3305 elocutionis
802 3236 927 3325 (Hom.;
951 3235 1036 3324 Lyo.
1064 3236 1143 3322 3903
1167 3235 1242 3304 Nic.

160 3352 204 3420 al.
221 3353 307 3437 551),
330 3351 504 3436 formavit,
528 3351 590 3436 IV,
613 3354 694 3434 6073
717 3353 885 3422 Homerus
908 3375 980 3421 aor.
1003 3362 1158 3439 τερσῆναι
1182 3351 1245 3420 hac

160 3469 296 3538 notione
318 3469 431 3538 habet.

247 3586 366 3655 Activi
399 3585 518 3654 deinde
548 3585 715 3676 mediique
743 3588 867 3655 formas
890 3589 926 3655 et
946 3609 1043 3655 usum
1075 3585 1244 3673 spectanti

160 3705 223 3772 hoe
255 3702 481 3792 quaerendum
512 3706 573 3788 est,
605 3707 721 3771 utrum
742 3703 944 3793 Apollonius
975 3726 1038 3792 pro
1066 3701 1243 3771 Homerico

161 3820 273 3891 activo
310 3821 463 3906 medium,
501 3843 565 3910 pro
603 3820 710 3889 medio
749 3822 898 3891 activum
935 3820 1162 3903 collocaverit,
1200 3840 1244 3886 an

253 4096 280 4165 1)
298 4092 489 4161 Wilamowitz,
518 4092 661 4150 Lesebuoh
688 4110 714 4163 p.
741 4095 802 4162 261,
830 4097 873 4150 24.
919 4093 1066 4164 Apollonio
1093 4109 1118 4147 v.
1144 4092 1244 4166 βαρεῖν

162 4195 336 4251 transitivum
365 4193 452 4252 fuisse
471 4194 632 4265 comprobat
649 4195 696 4266 IV,
717 4196 785 4252 1569
803 4191 990 4269 βεβαρημένοι
1009 4210 1077 4268 ,uns
1096 4191 1182 4250 demit
1200 4192 1246 4249 be·

160 4295 295 4355 latente
