2842 4942
694 319 715 384 6

159 495 406 581 cognoscamus,
422 494 458 560 in
472 491 648 581 Apollonii
662 492 815 560 versibus
829 490 1067 576 inveniunt'ur3
1083 491 1248 559 nonnulla

159 609 486 699 iambographornm,
510 608 785 698 quippequorum
808 630 915 676 sermo
938 616 1042 696 prope
1058 607 1102 674 ad
1117 607 1249 696 epicum

159 727 314 796 accedat:
346 725 545 794 Archilochi
574 727 679 794 verba
707 725 750 792 fr.
775 726 817 792 78
839 726 967 791 πολλὸν
991 722 1027 791 dl
1050 727 1159 792 πίνων
1192 725 1248 792 καὶ

159 846 359 930 χαλίκρητον
379 842 477 928 ‘utto
506 840 682 930 Apollonii
710 840 901 909 imitatione
932 840 1100 928 effingunt
1128 842 1157 925 I,
1181 842 1247 908 473

161 971 236 1026 πῖνε
266 963 465 1046 χαλίκρητον
495 961 601 1043 λαρὸν
631 957 735 1043 addo,
771 961 874 1045 atque
906 957 950 1024 ad
980 957 1029 1040 II,
1055 958 1117 1024 127
1150 957 1245 1024 πολλ’

160 1075 479 1163 ἐπιπαρὶφαλόανιες
511 1073 613 1142 schol.
645 1075 723 1142 Par.
756 1073 1000 1142 animadvertit
1021 1074 1184 1163 ’κέχρηται
1206 1084 1248 1162 τῇ

160 1190 245 1271 λέξει
266 1189 322 1257 καί
345 1189 505 1269 Ἱππῶναξ
528 1188 583 1256 καί
607 1188 813 1274 Ἀνακρέων.

245 1305 406 1375 Ueterum
427 1306 514 1375 talia
534 1306 699 1390 invenire,
722 1327 808 1393 quae
831 1328 873 1373 ex
895 1304 1081 1392 lyricorum
1097 1305 1154 1374 vel
1175 1308 1248 1376 tra·

159 1424 310 1516 gicorum
325 1423 437 1492 verbis
453 1425 587 1511 sumpta
603 1444 676 1492 csse
698 1444 761 1510 pro
778 1425 871 1490 certo
895 1422 1104 1510 comprobari
1120 1426 1246 1512 potest,

159 1540 299 1609 difficile
314 1544 376 1621 est,
393 1540 472 1629 quia
486 1541 552 1608 etsi
565 1539 737 1628 permulta
751 1539 873 1608 similia
887 1540 1116 1629 reperiuntur,
1132 1543 1248 1608 tamen

160 1661 222 1726 ant
242 1660 422 1746 poetarum
456 1657 617 1725 sermonis
650 1657 870 1744 communia1)
892 1656 1003 1750 luisse¹
1029 1658 1248 1726 statuendum

161 1778 225 1859 est,
249 1777 311 1842 ant
330 1796 399 1842 una
422 1797 464 1842 ex
487 1774 617 1863 origine
640 1777 717 1842 orta
740 1796 813 1843 esse
836 1773 918 1864 quin
939 1773 1112 1844 credamus
1134 1775 1248 1844 facere

159 1913 227 1959 nou
247 1901 435 1980 possumus.
479 1891 566 1959 Rem
588 1891 677 1958 enim
698 1892 750 1983 ita
779 1913 816 1959 se
846 1890 972 1959 habere
993 1892 1030 1959 in
1051 1914 1134 1960 voce
1155 1897 1247 1980 περί-

161 2011 285 2095 δρομος
316 2031 378 2097 pro
413 2011 507 2076 certo
550 2030 685 2093 sumam,
727 2031 813 2098 qnae
846 2009 962 2078 eadem
1001 2009 1248 2096 significatione

159 2124 297 2213 passiva
318 2163 362 2173 —-
383 2124 490 2194 habet
520 2125 608 2192 enim
641 2126 745 2213 alias,
782 2127 824 2195 cf.
847 2133 880 2193 E
900 2127 974 2210 726,
999 2127 1079 2213 7283
1113 2127 1244 2215 38125

160 2241 310 2329 Theo'gn.
333 2243 398 2308 581
457 2280 473 2290 -
503 2241 624 2310 induta
655 2246 769 2311 exstat
802 2244 882 2312 Eur.
915 2243 958 2310 fr.
992 2243 1122 2313 1083N
1151 2248 1248 2329 κοίλη

161 2360 223 2444 γὰρ
244 2361 348 2443 ’ὄρεσι
380 2361 583 2446 περίδρομος
612 2361 748 2447 τραχεῖά
771 2385 805 2428 τε
837 2361 894 2448 (sc.
918 2359 1009 2449 γαῖα)
1031 2363 1068 2428 et
1088 2359 1155 2449 Ap.
1178 2359 1246 2444 III,

161 2475 246 2543 1085
269 2477 470 2561 περίδρομος
492 2477 607 2562 οὔρεσι
629 2489 717 2562 γαῖα.
1038 2486 1041 2495 “
1241 2486 1249 2546 s

232 2589 376 2674 'Quibus
408 2592 568 2680 exemplis
600 2593 768 2681 congestis
791 2597 874 2682 quot
904 2598 1023 2683 poetas
1044 2594 1250 2684 Apollonius.

50 2787 52 2792 .
159 2707 313 2801 imitatus
337 2709 393 2792 sit,
425 2707 488 2777 hoo
511 2713 573 2793 est,
606 2713 689 2799 quot
710 2710 755 2778 ad
776 2714 897 2799 poetas
921 2712 1034 2780 studia
1055 2711 1147 2780 illins
1170 2719 1249 2801 per-1

160 2825 337 2910 tinueriut,
368 2826 522 2913 cognosci
549 2831 674 2915 potest.
721 2828 846 2896 Tamen
870 2829 1002 2897 etiamsi
1023 2829 1124 2917 plura
1147 2852 1247 2918 quam

159 2965 219 3009 nos
242 2941 384 3028 legimus
407 2943 601 3030 fragmenta
629 2968 768 3033 poeseos
792 2945 945 3038 Graecae
967 2946 1100 3015 tradita
1122 2956 1246 3032 essent,

159 3081 339 3148 numquam
353 3058 417 3128 hac
429 3059 486 3129 via
501 3060 589 3128 illud
611 3062 829 3147 efficeremus,
853 3062 888 3130 id
910 3062 1000 3150 quod
1022 3067 1076 3132 est
1098 3063 1245 3132 efficien-

160 3175 238 3243 dum
270 3175 311 3244 de
343 3175 531 3245 elocutione
554 3184 675 3266 poetae
698 3179 839 3248 alicuius
863 3181 948 3267 epici
979 3180 1170 3266 disserenti,
1204 3184 1247 3251 ut

160 3291 474 3378 demonstraremus,
499 3295 663 3382 quomodo
679 3296 751 3385 ipse
766 3300 868 3386 poeta
883 3298 1011 3386 epicam
1032 3297 1128 3366 illam
1149 3297 1245 3366 here-

160 3408 269 3476 ditate
302 3414 475 3499 acceptam
497 3410 719 3481 elocutionem
745 3415 1013 3500 commutaverit,
1052 3415 1243 3501 novaverit,

158 3525 333 3594 ditaverit.
380 3527 585 3617 Quicumque
619 3529 706 3597 enim
738 3552 873 3619 operam
896 3530 957 3599 dat
980 3535 1020 3600 ut
1042 3535 1181 3601 vetusta
1208 3537 1244 3602 et

159 3641 271 3710 aliena
300 3664 321 3710 a
351 3643 519 3712 cotidiano
558 3668 710 3714 sermone
749 3646 938 3716 elocutione
972 3648 1008 3715 in
1039 3649 1242 3718 carminibus

160 3760 342 3829 scribendis
375 3765 506 3848 utatur,
545 3763 658 3832 facere
694 3786 761 3831 non
798 3767 922 3854 potest,
964 3766 1046 3854 quin
1078 3766 1244 3836 traditam

160 3928 367 3940 m—

250 4031 278 4102 l)
296 4046 319 4086 c.
338 4047 378 4100 gr.
398 4048 451 4087 vox
470 4033 620 4096 καλλίνικος
638 4033 706 4089 Eur.
721 4034 778 4089 Alc.
791 4037 852 4104 589,
872 4033 944 4091 Med.
964 4037 1032 4106 8353
1050 4029 1102 4106 Δρ.
1121 4036 1243 4106 I,1228;

159 4129 268 4187 minime
292 4132 365 4188 enim
389 4133 553 4191 imitationis
578 4135 697 4204 speciem
724 4151 792 4206 prae
819 4151 850 4194 εε
879 4135 943 4194 fert.
980 4136 1041 4206 Qua
1058 4136 1093 4193 de
1111 4153 1143 4195 re
1161 4138 1251 4208 plura.

158 4230 233 4290 infra
249 4250 279 4303 p.
297 4235 364 4290 48⁸.
