2842 4942
626 843 780 912 CAPUT
802 844 830 911 Ι.

236 1025 298 1092 DE
322 1021 582 1092 VERBORUM
604 1020 775 1088 FORMIS
798 1021 859 1088 ΕΤ
881 1021 935 1089 VI
957 1021 1020 1088 ΑΒ
1042 1020 1226 1088 HOMERI

488 1137 579 1206 USU
600 1136 970 1206 REOHDHNTIBUS.

74 1314 145 1400 §L
189 1337 192 1341 ·
275 1314 357 1382 Cum
390 1315 480 1403 apud
513 1313 695 1382 Homerum
730 1335 797 1382 non
832 1335 940 1402 pauca
976 1314 1126 1402 legamus
1153 1317 1273 1399 verba,

188 1455 330 1520 quorum
351 1432 407 1499 vel
429 1430 620 1520 praesentis
644 1429 741 1498 modo
765 1431 821 1498 vel
843 1430 977 1511 aoristi‚
1001 1434 1095 1498 certe
1116 1453 1184 1498 non
1206 1455 1274 1499 om·

186 1549 279 1616 nium
301 1551 491 1636 temporum
520 1547 650 1615 formae
682 1550 830 1631 exstant,
863 1570 931 1614 non
961 1547 1081 1614 mirum
1103 1546 1272 1633 videatur,

186 1666 278 1755 quod
309 1668 430 1754 poetae
457 1666 516 1754 qui
537 1665 713 1732 Homerico
746 1687 900 1733 sermone
930 1665 983 1733 usi
1017 1669 1105 1749 sunt,
1140 1668 1274 1734 ceteras

187 1782 314 1850 formas
349 1803 511 1871 persaepe
556 1782 812 1870 suppleverunt.
869 1783 921 1849 Ac
961 1781 1106 1870 primum
1138 1781 1275 1871 quidem

187 1899 310 1967 aoristi
340 1898 469 1966 formas
498 1902 697 1982 verborum,
742 1921 882 1987 quorum
913 1899 1109 1987 praesentia
1138 1902 1275 1967 tantum

186 2016 291 2084 habet
312 2015 488 2100 Homerus,
511 2015 713 2104 Apollonius
736 2015 837 2083 finxit
859 2015 939 2083 has:

275 2133 427 2220 ἀθερίξαι
441 2133 469 2216 Ι,
487 2133 567 2217 123,
590 2132 638 2215 Π,
654 2134 735 2219 477,
760 2128 937 2218 ἀθερίσσαι
952 2131 998 2216 ΙΙ,
1014 2132 1090 2200 489.
1135 2131 1274 2200 Utram-

188 2271 252 2338 que
284 2249 381 2317 huius
405 2249 491 2337 epici
513 2250 611 2318 verbi
633 2249 775 2316 formam
806 2249 1034 2317 adhibuerunt
1056 2248 1276 2336 Apollonium

189 2366 297 2434 secuti
319 2365 418 2432 Dion.
443 2365 519 2432 Per.
544 2365 607 2432 997
632 2369 668 2434 et
690 2365 849 2435 Manetho
873 2366 902 2450 2,
926 2365 1001 2432 282.

275 2481 415 2568 ἐλέηραν
445 2482 508 2567 IV,
540 2483 640 2569 1308;
673 2482 772 2550 verbi
803 2483 967 2569 ἐλεαίρειν
999 2482 1148 2550 aoristus
1180 2483 1275 2551 nullo

188 2599 261 2666 loco
284 2599 351 2667 nisi
371 2599 435 2668 hoo
456 2600 596 2688 legitur,
620 2623 693 2667 oum
715 2601 782 2667 iam
805 2600 971 2667 Homerus
995 2602 1124 2666 ceteras
1147 2598 1275 2666 formas

189 2719 337 2785 averbo
370 2716 476 2783 ἐλεεῖν
512 2739 641 2806 semper
672 2718 803 2785 usitato
839 2716 1011 2784 derivatas
1044 2715 1274 2804 usurpaverit.

190 2833 264 2917 Qua
278 2833 315 2900 in
330 2856 367 2900 re
383 2833 429 2917 id,
446 2833 535 2920 quod
551 2856 650 2921 saepe
665 2833 739 2901 fieri
755 2833 851 2919 solet,
875 2833 1044 2901 videmus:
1067 2832 1275 2901 imitatorem

189 2949 350 3018 excedere
373 2950 569 3038 exemplum.

276 3067 422 3153 ἐρύθηνε
444 3067 472 3151 Ι,
497 3069 579 3154 791,
614 3067 679 3152 ΙΠ,
705 3068 787 3154 682;
824 3067 887 3151 IV,
911 3068 985 3134 474.
1042 3067 1136 3150 Quae
1169 3066 1276 3135 activi

188 3182 299 3251 forma
327 3183 370 3250 ad
391 3183 490 3251 Hom.
514 3183 736 3270 ἐρυθαίνομαι
759 3184 940 3251 referenda
971 3184 1146 3251 invenitur
1169 3183 1272 3273 Orph.

188 3298 274 3386 Arg.
291 3300 356 3366 228
378 3299 454 3384 Aa,
478 3324 552 3367 cum
573 3300 718 3368 medium
733 3300 792 3368 alii
808 3323 939 3390 quoque
962 3301 1047 3389 epici
1068 3300 1273 3369 recentiores

189 3415 405 3483 adhibuerint
427 3440 487 3505 pro
511 3417 651 3485 usitatis
675 3417 791 3485 formis
815 3420 997 3485 verborum
1019 3417 1274 3504 ἐρυθραίνομαι,

189 3534 370 3619 ἐρυθριάω,
402 3533 593 3620 ἐρεύθομαι.
641 3532 724 3601 Cum
754 3537 867 3602 autem
889 3533 1175 3604 Wilamowitzius
1197 3557 1274 3604 ver·

189 3650 267 3716 bum
283 3648 438 3736 ἐρεύθειν
453 3670 474 3716 a
488 3648 694 3738 Bacchylide
708 3648 801 3737 (ΧΠ,
820 3650 882 3716 152
898 3649 1159 3738 tp>svtte=at¹pocn
1183 3651 1274 3737 γαῖα)

189 3769 225 3834 et
268 3765 476 3854 Hippocrate
521 3765 576 3854 (de
608 3766 686 3832 mul.
718 3769 824 3834 morb.
856 3767 903 3851 ΙΙ,
927 3767 990 3834 302
1023 3770 1060 3834 τὸ
1092 3771 1274 3854 πρόσωπον

188 4039 256 4091 sum,
268 4037 381 4077 numero
394 4019 523 4076 afferam:
543 4021 677 4091 Stephani
687 4021 872 4091 Thesaurum3
890 4023 927 4076 M.
938 4021 1168 4092 Konstantinidis,
1188 4019 1274 4092 Μέγα

188 4121 308 4190 Aeficio
326 4128 375 4190 τῆς
384 4119 549 4190 Ἑλληνικῆς
561 4120 690 4190 γλώσσης,
711 4122 1032 4191 Athenis1901-19073
1052 4123 1163 4193 voitu,
1183 4123 1275 4179 Greek

188 4224 269 4281 verbs
286 4223 424 4293 irregular
443 4220 498 4278 aad
516 4220 657 4279 defective.
677 4221 741 4278 Oxf.
762 4226 838 4282 1879.
