2842 4942
686 346 728 413 25

161 520 195 610 η)
216 520 279 605 IV,
303 520 430 591 5348s:
454 521 510 589 ὅδε
532 521 688 589 κεύθεται
709 527 764 606 αλη
787 559 831 571 -
853 523 979 590 πολλὸν
1002 525 1144 608 ἔνερθεν
1173 503 1174 506 ¹

293 640 421 724 οὔδεος,
444 641 490 717 ὥς
511 663 570 706 ιιεν
591 641 739 724 ἄφαντος
761 638 811 705 ἀεὶ
833 642 1014 726 μερόπεσσι
1037 638 1180 706 πέλοιτο.

161 753 201 843 θ)
214 755 285 840 IV,
308 756 373 823 766
387 778 419 824 s:
442 754 497 822 καὶ
514 754 551 822 δὲ
567 765 612 843 τῷ
628 755 795 840 εἰπέμεναι
817 757 877 824 τὸν
900 755 981 841 ε’μὸν
1003 759 1095 841 νόον,
1123 758 1168 833 ὥς
1189 779 1248 822 κεν

1149 873 1249 959 tetrus

161 1007 163 1010 ⁴
294 992 420 1069 πάντας
442 990 656 1076 ἀπολλήξειεν
680 991 731 1074 (-
758 989 841 1076 μηδὲ
864 991 1048 1077 τρηχύνοι).

163 1107 189 1194 ι)
210 1107 273 1191 IV,
297 1108 362 1174 838
374 1130 424 1176 ss:
455 1107 526 1173 ἀλλ’
560 1109 629 1194 ὥρη
660 1110 796 1194 δολιχήν
826 1131 861 1174 τε
894 1105 948 1174 καὶ
978 1110 1122 1174 ἄσπετον
1151 1103 1248 1192 οἶμον

1041 1225 1183 1310 ὁδεύειν,
1206 1263 1247 1273 -

295 1343 340 1420 ὥς
361 1365 420 1407 κεν
441 1342 573 1428 ὑπηῷοι
595 1345 777 1427 μνησαίατο
801 1345 923 1409 νόστον
946 1340 1091 1409 ἑλέσθαι.

251 1457 304 1526 Ex
319 1458 439 1547 quibus
456 1460 621 1546 quattuor
643 1458 686 1546 (a,
709 1483 741 1544 η,
762 1466 799 1544 θ,
822 1457 857 1545 ι),
879 1459 938 1526 ubi
961 1461 1005 1536 ὥς
1018 1482 1077 1525 κεν
1099 1427 1249 1547 positum

164 1577 228 1654 est,
248 1560 426 1642 enuntiata
441 1573 485 1642 ad
500 1574 687 1664 exemplum
702 1575 917 1643 Homericum
929 1574 953 1658 ¹)
968 1574 1117 1643 formata
1133 1574 1248 1644 viden·
1331 1666 1333 1670 .

163 1695 224 1759 tur
254 1713 336 1759 esse.
388 1690 451 1775 IV,
477 1692 540 1758 363
570 1694 685 1760 autem
712 1693 886 1781 optativus
917 1692 999 1781 quin
1031 1691 1249 1760 adhiberetur

163 1809 238 1906 fieri
261 1831 328 1876 non
349 1809 497 1897 poterat,
521 1808 600 1896 quia
623 1832 664 1879 ea
685 1831 771 1899 quae
793 1809 885 1878 inest
908 1808 1094 1878 sententia:
1123 1808 1249 1894 ,dauht

165 1926 210 1993 du
243 1927 449 1996 unversahrt
475 1927 530 1996 die
552 1928 688 1996 Proben
717 1928 782 1995 mit
813 1927 876 1994 den
899 1927 1052 1995 Rindcrn
1082 1927 1152 1994 und
1182 1925 1249 1994 den

164 2042 430 2132 Erdgeborenen
461 2046 622 2113 bestehen
648 2044 831 2113 honntest“
855 2044 1079 2113 alteratione
1102 2065 1170 2110 non
1193 2065 1247 2111 ex·

164 2160 267 2248 primi
287 2164 434 2250 poterat,
458 2162 510 2230 ita
523 2165 564 2231 ut
579 2161 755 2251 optativus
771 2183 871 2250 quam
893 2184 1025 2249 semper
1046 2161 1215 2229 habuerat
1224 2160 1246 2243 ²)

164 2278 348 2365 praeteriti
383 2278 556 2347 notionem
593 2279 648 2346 hic
684 2282 848 2348 servaret.
900 2278 951 2345 At
989 2281 1153 2366 quattuor
1191 2278 1250 2366 qui

162 2397 300 2462 restant
321 2394 389 2462 loci
410 2395 453 2483 (α,
475 2400 508 2482 β,
530 2422 561 2482 γ,
585 2396 612 2484 ζ)
634 2418 741 2484 neque
757 2394 937 2463 Homerica
954 2395 1081 2463 habent
1097 2393 1249 2482 exempla

163 2534 271 2601 neque
305 2511 408 2580 aliter
441 2512 616 2601 optativus
650 2512 813 2602 explicari
850 2515 975 2601 potest.
1031 2513 1154 2600 Itaque
1186 2510 1249 2579 hoc

162 2629 260 2697 nobis
291 2630 511 2698 statuendum
535 2633 588 2698 est
610 2629 677 2697 iam
698 2628 1000 2718 inArgonautieis
1032 2629 1130 2696 illum
1152 2632 1248 2718 opta-

162 2746 230 2816 tivi
251 2747 437 2832 interitum,
469 2769 566 2835 quem
586 2747 677 2836 apud
697 2746 879 2834 Polybium
901 2746 1126 2836 incipientem,
1159 2744 1249 2833 apud

162 2863 206 2932 N.
223 2862 262 2930 Τ.
279 2862 463 2952 scriptores
489 2886 595 2953 paene
617 2863 805 2952 perfectum
816 2863 841 2950 ⁸)
864 2863 1026 2947 videmus,
1050 2863 1249 2951 praeparari

164 2983 269 3070 atque
292 3003 333 3048 ex
358 3003 396 3049 eo
420 2981 584 3068 cognosci,
617 2981 705 3070 quod
737 2981 773 3047 in
802 2980 866 3048 illa
896 3003 1027 3070 quoque
1059 2979 1246 3063 enuntiata,
1352 3068 1355 3073 .

163 3097 200 3164 in
231 3097 360 3186 quibus,
396 3098 427 3167 si
459 3098 593 3186 singula
628 3097 814 3166 omittimus
824 3099 862 3185 4),
899 3098 943 3167 ad
975 3098 1069 3166 illam
1100 3100 1248 3166 aetatem

163 3214 272 3283 locum
294 3238 362 3283 non
382 3216 567 3298 habuisset,
597 3217 775 3305 irreperet.
824 3215 923 3299 Quod
944 3219 985 3283 ut
1006 3215 1106 3284 fieret
1135 3237 1247 3304 quam·

163 3354 263 3421 quam
284 3332 434 3401 forsitan
455 3356 516 3422 pro
540 3355 602 3402 sua
622 3337 722 3422 parte
745 3331 899 3402 effecerit
920 3333 1125 3402 consuentio
1146 3355 1248 3422 quae-

163 3448 241 3517 dam
261 3450 429 3538 generalis
445 3450 613 3519 vetustius
637 3449 766 3539 aliquid
787 3450 1002 3538 vetustisque
1024 3450 1246 3538 scriptoribus

255 3660 282 3730 1)
301 3659 338 3716 cl.
349 3660 460 3732 Weber,
479 3662 844 3732 Entwicklungsgsschichts
857 3660 907 3717 der
918 3661 1133 3729 Absichtssttze,
1146 3664 1245 3731 ptis.

253 3751 282 3820 2)
302 3766 324 3805 e.
344 3767 384 3820 gr.
406 3755 436 3806 T.
456 3754 491 3808 90
508 3751 580 3806 ἀλλὰ
597 3754 628 3807 τί
644 3771 693 3807 ιιεν
711 3749 835 3824 ῥέξαντα

252 3840 281 3909 3)
300 3838 335 3895 of.
354 3841 434 3896 Blass
454 3840 500 3897 Gr.
513 3859 541 3912 p.
553 3844 614 3911 224,
633 3845 701 3911 225,
721 3848 749 3898 et
766 3842 995 3910 dissertationem,
1016 3856 1096 3911 quam
1114 3838 1149 3895 (le
1168 3844 1245 3908 opta-

162 3929 213 3983 tivi
231 3945 291 3994 usu,
316 3930 406 3999 qualis
424 3931 453 3985 in
471 3931 584 4002 Polybio
604 3937 632 3988 et
649 3932 765 3988 Philone
790 3936 920 4001 exstaret,
947 3931 975 3987 0.
993 3931 1107 3986 Reikius
1126 3928 1246 3998 scripsit,

163 4018 239 4087 urps.
260 4021 336 4073 1907.

252 4109 281 4178 4)
300 4123 371 4177 quae
388 4109 510 4165 invenias
530 4109 604 4181 apud
622 4111 654 4166 G.
673 4112 718 4166 W.
737 4110 874 4166 Schmidt:
894 4111 936 4165 Dc
954 4111 995 4166 Ill.
1015 4111 1071 4166 los.
1092 4110 1245 4166 elocutione
1339 4125 1341 4129 ·

162 4213 189 4266 p.
208 4198 269 4266 406,
289 4201 318 4252 st
335 4197 422 4268 Stahl,
442 4199 546 4270 Syntax
564 4199 612 4256 des
631 4217 671 4270 gr.
685 4200 819 4257 Verbums
838 4218 865 4271 p.
878 4203 945 4256 482:
968 4217 1046 4273 ,man
1064 4199 1133 4257 uird
1151 4199 1245 4258 diesen

162 4284 308 4342 Gabrauch
326 4285 372 4343 fur
390 4288 458 4344 Xen.
478 4290 626 4361 augebant
