2842 4942
685 322 729 388 20

249 495 369 565 Aetivi
400 499 514 565 autem
547 496 677 564 formae
707 495 917 581 τεκταινέμεν
939 495 1008 582 ΙΠ,
1030 495 1104 580 592,
1137 500 1248 584 τεκτή-

160 637 276 692 ναντες
297 613 344 700 Π,
369 613 431 681 381
466 616 544 682 sunt
574 613 722 698 illarum,
754 634 841 701 quae
863 615 944 682 ante
966 612 1143 701 Apollonii
1163 617 1247 682 tem-

158 752 244 819 pore
260 753 433 820 nusquam,
455 733 576 820 postea
590 730 742 799 erebrius
766 730 984 800 inveniantur
997 733 1021 818 ¹)
1046 730 1150 815 (Sext.
1170 733 1247 802 adv.
1268 713 1271 719 ¹

159 846 259 936 phys.
291 850 322 933 2,
345 849 426 936 282;
465 848 561 916 Phal.
589 871 640 937 ep.
669 850 721 933 13,
737 848 796 936 71,
835 848 872 916 in
908 849 1109 919 carminibus
1140 849 1185 918 A.
1207 850 1246 919 P.
1293 886 1295 890 >

163 965 226 1050 VI,
249 967 301 1050 80,
325 966 345 1032 2
368 965 558 1053 Agathias3
582 965 742 1034 Manetho
766 965 828 1050 VI,
850 965 938 1054 496),
970 966 1083 1035 itaut
1104 967 1247 1055 Apollo·

160 1083 237 1151 nius
270 1083 538 1152 vetustissimum
567 1083 663 1151 nobis
700 1085 866 1172 praebeat
894 1083 1124 1168 testimonium
1153 1083 1247 1154 illius

158 1223 250 1281 usus,
290 1223 388 1291 quem
427 1201 565 1290 linguae
596 1210 711 1287 κοινῆς
741 1201 919 1290 proprium
948 1201 1054 1271 fuisse
1084 1202 1246 1271 videmus.

158 1318 234 1402 Qua
268 1303 383 1387 aetate
415 1340 515 1407 saepe
538 1319 666 1386 foetum
688 1340 761 1386 esse
783 1322 928 1404 constat,
951 1323 991 1388 ut
1014 1319 1163 1390 activum
1184 1343 1247 1409 pro

158 1433 268 1503 medio
301 1457 336 1502 se
369 1435 575 1522 insinuaret;
610 1434 849 1522 Hatzidnkis2)
871 1436 895 1502 l.
919 1435 943 1503 1.
966 1459 999 1524 p.
1024 1436 1103 1504 197:
1141 1435 1248 1522 „Eine

157 1554 402 1623 unmittelbare
435 1553 542 1642 Fulge
575 1553 637 1621 der
670 1553 863 1623 Konfusion
897 1578 965 1624 von
1004 1555 1145 1624 aktiven
1177 1555 1248 1623 und

157 1673 325 1742 medialen
355 1672 502 1741 Formen
534 1673 583 1741 ist
615 1672 708 1742 wohl
742 1672 827 1741 auch
860 1672 920 1740 das
947 1673 1154 1742 Ersoheinen
1189 1674 1248 1742 des

158 1789 343 1859 Aktivums
366 1788 419 1874 da,
443 1812 494 1859 wo
518 1811 596 1856 man
619 1789 736 1856 friiher
760 1789 814 1857 die
836 1789 1051 1858 Medialform
1073 1791 1249 1860 entweder

77 1998 80 2007 Ι
160 1907 264 1975 allein
280 1907 362 1975 oder
377 1906 630 1994 vorzugsweise
652 1906 891 1995 gebrauchte“.
936 1906 1111 1976 Eiusmodi
1134 1911 1249 1976 autem

158 2047 358 2114 progressus
389 2046 589 2113 quamquam
618 2023 708 2112 apud
729 2023 950 2112 Apollonium
978 2024 1064 2092 nihil
1090 2024 1156 2092 nisi
1178 2024 1249 2113 pri-

158 2141 290 2211 mordia
311 2165 373 2210 nos
402 2141 558 2211 invenire
580 2141 766 2211 verisimile
796 2145 860 2226 est,
892 2144 1006 2210 tamen
1034 2142 1117 2210 haec
1139 2163 1250 2231 panea

160 2283 234 2328 oum
256 2259 504 2348 posterioribus
535 2259 739 2327 testimoniis
769 2260 1008 2348 coniungamus
1040 2259 1122 2327 licet
1144 2261 1248 2347 atque

160 2379 306 2464 oportet.
353 2375 481 2459 Quibus
514 2378 612 2444 rebus
644 2379 737 2444 reete
761 2377 946 2445 ooniunotis
977 2376 1040 2444 lroe
1072 2375 1245 2460 efficimus

158 2499 198 2561 ut
220 2493 356 2560 maximi
385 2493 481 2561 nobis
513 2492 582 2561 sint
604 2493 764 2561 momenti
796 2496 917 2581 poetae
948 2492 1153 2577 testimonia,
1187 2492 1248 2561 ubi

158 2610 327 2700 pedestris
351 2611 516 2680 orationis
549 2613 752 2701 scriptorum
780 2634 887 2700 paene
909 2611 1040 2681 desunt.
1087 2611 1143 2680 sio
1164 2633 1246 2679 usus

161 2727 401 2797 intransitivus
433 2728 525 2798 vocis
556 2732 684 2795 κλίνειν
705 2728 733 2812 Ι,
758 2730 823 2795 452
852 2733 1027 2808 κλίνοντος
1052 2731 1118 2797 ὑπὸ
1141 2731 1247 2815 ζόφον

158 2847 286 2932 ἠελίοιο
310 2845 436 2933 optime
459 2845 619 2933 congruit
641 2868 715 2914 oum
729 2844 872 2935 Polybio
889 2847 930 2934 (Ι,
948 2847 999 2931 63,
1012 2848 1050 2934 5;
1075 2846 1143 2928 ΠΙ,
1160 2845 1246 2931 93,7

160 2963 226 3046 ἅμα
241 2972 286 3050 τῷ
309 2967 419 3029 κλίναι
435 2965 472 3029 τὸ
488 2966 601 3050 τρίτον
622 2961 722 3049 μέρος
744 2974 801 3049 τῆς
823 2963 956 3051 νυκτός)
973 2967 1009 3032 et
1025 2962 1245 3052 scriptoribus

157 3079 239 3149 novi
255 3079 467 3148 Testamenti
483 3080 573 3163 (Luc.
587 3081 616 3165 9,
635 3081 693 3167 12,
718 3080 770 3165 24,
787 3081 840 3163 29)
852 3081 877 3167 ³)
886 3105 893 3167 ;
919 3083 957 3148 at
971 3080 1164 3151 Herodotus
1181 3078 1245 3166 IV,

251 3303 278 3374 1)
297 3321 320 3358 r.
331 3304 513 3373 τεκταίνομκι
532 3303 635 3372 passivi
655 3319 763 3372 qnoque
777 3319 887 3359 munere
907 3319 990 3373 saepe
1009 3303 1134 3359 functum
1153 3309 1203 3374 est,
1222 3318 1245 3359 e.

159 3410 198 3464 gr.
218 3397 266 3448 Ar.
285 3393 349 3464 Lys.
369 3397 437 3463 6743
465 3393 516 3462 Eq.
536 3397 597 3463 462,
628 3410 698 3463 quae
723 3409 768 3449 res
794 3393 869 3450 haud
894 3394 951 3450 scio
970 3410 1006 3449 an
1025 3410 1076 3463 pro
1096 3409 1146 3450 sna
1165 3399 1247 3464 parte

159 3482 288 3553 effecerit,
308 3488 340 3538 ut
358 3483 476 3538 activum
495 3483 670 3539 formaretur.

248 3575 277 3645 2)
297 3573 332 3628 ef.
351 3573 431 3628 Blass
451 3573 541 3628 (iram.
563 3572 610 3628 des
629 3578 702 3629 neut.
723 3574 769 3629 Gr.
789 3592 816 3644 p.
837 3577 895 3630 187.

248 3664 277 3735 3)
296 3662 459 3719 Hatnidakis
479 3663 497 3718 l.
516 3663 534 3719 l.
553 3680 579 3732 p.
590 3667 657 3719 200:
679 3680 764 3735 „ganz
784 3681 814 3720 so
834 3665 904 3719 auch
923 3665 1020 3720 heute:
1040 3661 1109 3719 κλίν’
1130 3659 1245 3734 ἡμέρα“,

159 3754 206 3824 qui
218 3754 271 3809 hac
286 3752 319 3809 de
332 3769 363 3809 re
376 3751 506 3809 disseruit
518 3753 601 3808 haec:
623 3753 737 3824 „Dieser
746 3754 949 3823 Verwitterung
962 3753 1011 3808 der
1023 3752 1248 3809 verschiedenen·

160 3845 251 3899 Activ·
270 3842 326 3898 und
344 3843 557 3918 Medialformen
575 3844 612 3899 ist
631 3859 660 3899 es
679 3844 750 3899 wohl
769 3844 840 3898 auch
863 3844 1085 3912 zunuschreiben,
1111 3842 1164 3898 dass
1183 3858 1247 3896 man

159 3933 212 3989 seit
240 3931 288 3987 der
315 3934 423 3988 nachkl.
443 3933 505 3988 Zeit
532 3933 577 3988 die
605 3933 760 3989 Aktivform
789 3932 838 3988 der
869 3933 983 3989 meisten
1003 3933 1095 3989 Verba
1122 3932 1247 4001 zugleich

159 4023 288 4079 transitiv
301 4022 368 4079 oder
381 4023 505 4079 causatis
518 4022 584 4079 oder
602 4023 760 4079 intransitiv
774 4023 936 4079 verwendeu
954 4024 1054 4079 kann“.
1094 4023 1201 4093 „Senon
1218 4021 1248 4077 in

159 4112 208 4169 der
226 4113 311 4169 klass.
331 4113 393 4168 Zeit
411 4111 502 4168 finden
521 4113 580 4169 sich
599 4113 692 4169 solohe
711 4113 874 4184 Beispiele“.
911 4114 956 4168 Ex
969 4113 1114 4183 Apollonio
1133 4113 1187 4168 hue
1204 4127 1247 4169 re

159 4201 275 4260 ferenda
294 4208 358 4261 aunt
377 4207 485 4261 λείπειν
503 4210 531 4260 et
548 4208 660 4262 τείνειν.
