2842 4942
759 301 802 380 46

242 485 300 572 aa,
317 486 359 556 cc
367 469 423 571 11,
439 470 650 555 Herodotum
665 485 704 571 v,
717 486 760 554 ιε
771 482 842 575 (ubi
850 474 1023 556 *Henrieus
1040 479 1138 556 stan
1159 481 1325 576 possam

241 624 314 670 esse
336 625 451 673 vocem
482 601 680 689 contendit),
711 601 811 713 Scpb.
842 603 896 670 Αἰ.
926 603 1007 691 715,
1039 602 1131 671 0.0.
1158 604 1231 674 139.
1275 605 1325 672 At

241 719 328 786 alius
352 723 406 788 cst
427 742 506 788 usus
521 719 831 788 Aiexandrincrum
847 742 969 808 eosque
991 714 1217 789 imibanbium:
1241 721 1324 791 call.

239 836 267 922 Ι,
291 837 351 904 39:
395 840 585 905 Καυκώνιον
619 841 832 924 πτολίεθρον,
862 839 879 904 ὃ
904 837 1071 927 Λέτρειον
1111 841 1323 927 πεφάτισται,

239 954 306 1042 Ap.
334 955 396 1040 IV,
424 957 488 1023 658
521 956 559 1023 ἐν
592 957 630 1022 δὲ
663 956 764 1041 λιμὴν
792 956 936 1044 Ἀργῷος
962 956 1155 1044 ἐπωνυμίην
1163 957 1186 1044 ¹)
1221 959 1325 1045 κεφα-

239 1089 358 1159 τισται,
383 1072 411 1157 Ι,
428 1071 513 1139 1019
532 1070 619 1159 Ἱερὴ
641 1071 679 1138 di
703 1075 869 1158 φατίζεται
891 1062 941 1157 ἦθ’
968 1075 1015 1139 ἔτι
1039 1073 1157 1160 πέτρη,
1182 1073 1226 1141 cf.
1250 1073 1324 1142 Nic.

239 1188 282 1256 fr.
298 1190 351 1274 74,
368 1189 411 1257 30
434 1193 471 1258 cb
493 1190 577 1278 Opp.
593 1188 672 1257 Hal.
695 1190 723 1275 I,
745 1190 819 1258 638.
865 1189 1014 1259 Videtur
1036 1191 1144 1279 igitur
1165 1191 1231 1278 hcc
1251 1215 1326 1260 ver·

238 1307 317 1374 bum
338 1306 375 1374 in
396 1308 515 1375 vetere
537 1306 618 1376 Iade
642 1305 860 1394 exscidisseb,
893 1306 1014 1376 deinde
1037 1329 1057 1375 a
1079 1307 1189 1396 poetis
1213 1330 1326 1398 recep·

238 1426 312 1492 'cum
346 1447 419 1492 csse
450 1423 588 1493 nobisne
622 1423 659 1491 in
691 1424 830 1493 candem
862 1428 998 1514 parbem
1030 1424 1255 1514 amplificata,
1291 1426 1326 1494 in

176 1563 177 1567 ’
238 1561 338 1628 quam
361 1543 478 1626 αὐδᾶν,
502 1547 594 1609 ίσκεν
615 1541 765 1610 mubavib
787 1541 997 1630 Apollonius.
1110 1533 1112 1536 Α

325 1657 409 1726 Cum
431 1659 534 1727 verbo
558 1659 693 1744 είκοίθω,
716 1658 805 1746 quod
825 1662 1077 1748 usurpaverunt
1091 1658 1193 1728 Plato
1217 1659 1257 1750 (e.
1272 1682 1324 1748 gr.

238 1774 339 1863 Apol.
350 1773 405 1862 32)
428 1779 465 1844 et
498 1775 678 1863 Sophocles
702 1775 837 1864 passim,
862 1775 953 1864 apud
967 1775 1187 1865 Apollonium
1210 1777 1324 1862 1,505‚

237 1871 285 1974 Π,
309 1891 382 1976 799,
407 1890 475 1976 ΙΠ,
499 1890 562 1957 841
586 1893 744 1959 exstante
767 1878 1012 1980 comparandae
1035 1894 1116 1960 sunt
1133 1891 1223 1983 aliae
1239 1893 1325 1963 eius-

238 2008 314 2076 dem
335 2007 425 2076 modi
446 2007 582 2096 syllaba
605 2015 679 2074 -αθ-
703 2007 929 2096 amplificatae
960 2007 1098 2095 formae,
1134 2001 1220 2098 quae
1250 2033 1325 2098 prc-

237 2125 332 2213 priae
348 2124 434 2213 epici
450 2124 612 2193 sermonis
625 2126 723 2192 sunt:
740 2128 948 2211 μετεκίαθον,
965 2129 1111 2214 ἔργαθεν
1125 2127 1168 2195 ab
1177 2125 1326 2196 Homero

237 2241 487 2340 Apollonicque
510 2241 691 2310 adhibitae.
738 2240 897 2310 Ceterum
923 2243 1014 2312 tales
1041 2243 1235 2333 similesque
1257 2244 1325 2313 for·

239 2382 310 2428 mas
344 2340 522 2448 praecipue
555 2380 576 2427 a
608 2358 750 2448 tragicis
784 2362 928 2428 novatae
967 2382 1039 2429 esse
1075 2360 1192 2429 docuit
1222 2361 1325 2430 Butt-

240 2499 390 2561 mannus,
415 2475 475 2547 Gr.
500 2476 578 2565 Spr.
602 2476 650 2561 II,
673 2499 706 2565 p.
729 2477 771 2545 61
788 2499 830 2545 ss.

126 2598 220 2683 517.
327 2593 477 2663 Verbum
511 2593 649 2679 ἁνυίζυ,
686 2615 760 2662 cum
793 2594 925 2662 omnino
960 2595 1131 2663 notionem
1168 2593 1326 2684 expiandi

239 2712 373 2797 babeat,
396 2699 511 2780 tamen
533 2711 575 2778 ab
593 2709 659 2799 Ap.
682 2710 821 2779 notione
844 2711 976 2779 rariore
997 2711 1200 2797 immolandi,
1224 2733 1324 2800 quam

239 2851 267 2898 e.
290 2853 341 2918 gr.
365 2829 465 2918 Soph.
488 2829 572 2898 Ant.
598 2829 671 2914 196,
702 2828 785 2896 Eur.
810 2829 926 2919 Suppl.
950 2828 1033 2895 1211
1066 2828 1227 2917 legimus,
1266 2829 1324 2898 ad·

238 2948 380 3017 bibitum
405 2950 473 3016 esi:
497 2947 543 3031 H,
567 2948 631 3014 926
655 2949 798 3032 ἥγνισαν
820 2950 942 3033 ἔντομα
964 2949 1088 3033 μήλων.

326 3063 433 3132 Verbi
457 3066 535 3130 ίλλω
558 3087 638 3132 usus
661 3063 908 3153 Apollonianus
932 3085 952 3130 a
974 3056 1165 3132 ceterarum
1187 3085 1322 3154 magno·

237 3203 320 3270 pere
349 3180 520 3269 discrepat
549 3202 658 3267 neque
688 3179 778 3248 unde
806 3180 925 3248 veniat
954 3179 1022 3248 dici
1052 3183 1175 3269 potest.
1207 3181 1235 3266 I,
1261 3180 1323 3248 129

239 3301 373 3382 δεσμοῖς
389 3301 565 3384 ἰλλόμενον
588 3299 624 3364 eb
645 3297 695 3379 H,
719 3297 804 3364 1249
829 3299 1002 3384 ἰλλόμενος
1024 3293 1202 3386 χαλκέῃσιν
1223 3303 1323 3366 οἰλυκ·

238 3415 417 3503 τοττέθῃσιν
433 3417 638 3502 Προμηθεύς
659 3415 831 3503 passivum
855 3413 922 3484 vim
938 3409 1116 3500 vinciendi,
1140 3414 1323 3504 colligandi

237 3532 362 3600 habere
383 3531 592 3601 luculentum
615 3534 678 3618 cst,
711 3531 830 3621 quibus
855 3555 928 3600 cum
950 3532 1033 3600 locis
1057 3533 1142 3600 bene
1164 3532 1323 3620 congruit

237 3649 284 3735 H,
309 3651 360 3734 27,
391 3649 450 3717 ubi
472 3649 514 3717 de
539 3651 638 3718 leone
666 3650 845 3719 vulnerabo
875 3649 1019 3717 dicitur:
1054 3648 1124 3716 ὅθ’
1150 3651 1323 3735 ἰλλόμενός

328 3947 355 4019 1)
374 3946 419 4002 hic
444 3946 519 4003 vocis
548 3942 710 4019 ἐπωνυμίην
737 3961 803 4004 usus
830 3951 858 4003 et
885 3946 945 4017 ipse
972 3951 1015 4003 cst
1037 3945 1225 4003 Hercdctcus:
1255 3946 1320 4003 Hdt.

236 4046 258 4120 1,
279 4050 327 4119 14;
345 4048 379 4118 V,
397 4051 440 4104 92.

238 4132 243 4138 ‚
326 4151 355 4222 2)
374 4151 576 4222 καταφατίζειν
588 4150 703 4207 inveniri
714 4150 800 4206 Arist.
816 4149 874 4205 Ἆθ.
887 4153 948 4206 τολ.
961 4151 1022 4220 vll,
1035 4154 1048 4206 1
1068 4151 1113 4223 (ω
1121 4149 1194 4205 Plut.
1208 4148 1264 4205 Sol,
1274 4150 1320 4220 25)

237 4251 379 4309 mactavit
390 4252 632 4312 Wilamcwitzius:
642 4251 828 4324 κατεψάκαζον
841 4249 1002 4321 ἀναθήσειν
1020 4250 1179 4322 ἀνδριάντα
1189 4257 1320 4324 χρυσοῦν.
