2842 4942
687 377 732 444 57

251 551 401 620 ιιαπνιάω
426 551 536 638 ,fumo
562 549 725 642 expello“,
750 549 796 637 H,
820 549 884 620 131

254 671 299 749 ὡς
327 668 364 736 δὲ
394 670 582 754 μελισσάων
610 680 735 756 σμῆνος
756 667 840 754 μέγα
861 671 1087 755 μηλοβοτῆρες
1106 668 1112 756 Ι
1132 667 1169 754 ἠὲ
1197 693 1252 754 με·

167 791 359 871 λισσοκόμω
375 786 477 877 πέτρη
494 789 544 854 ἔνι
560 789 775 855 καπνιόωσιν.
810 784 981 854 Nicander
997 784 1099 856 simili
1115 785 1252 855 notione

167 904 282 993 posuit
309 907 469 988 καπνείω,
504 903 553 972 th.
578 904 630 989 36,
662 926 736 972 cum
765 903 930 972 Homerus
960 907 1104 985 κατινίζω
1136 903 1252 971 Β399

166 1023 383 1110 usurpasset:
404 1021 593 1088 κάπνισσάν
609 1045 644 1089 τε
659 1023 741 1089 κατὰ
755 1025 886 1099 κλισίας
900 1019 955 1087 καλ
971 1023 1110 1089 δεῖπνον
1125 1021 1259 1088 ἕλοντο·

169 1137 214 1207 Vi
234 1137 458 1206 intransitiva
477 1161 593 1207 vocem
615 1137 709 1205 illam
725 1137 986 1228 Apollonianam
1002 1137 1158 1206 adhibuit
1173 1137 1253 1205 Plu·

168 1255 315 1339 tarchus,
348 1256 407 1345 qui
429 1255 538 1324 multa
560 1279 633 1323 cum
654 1255 790 1345 poetica
812 1257 885 1322 tum
907 1255 1135 1344 Apolloniana
1157 1277 1254 1324 voca·

167 1372 247 1441 bula
269 1393 450 1462 usurpasse
473 1372 620 1441 videtur.

255 1489 332 1558 Vox
353 1490 567 1575 μεσημβριάω
589 1488 683 1556 nullo
706 1488 780 1559 loco
803 1487 870 1559 nisi
887 1487 935 1574 II,
953 1489 1017 1557 739
1040 1488 1174 1576 (πάχνη)
1196 1491 1253 1576 ltro

167 1611 455 1694 μεσημβριόωντος
494 1609 632 1674 ἰαίνεται
669 1609 794 1692 ἠελίοιο
833 1609 869 1675 et
898 1607 941 1676 A.
964 1606 1003 1677 P.
1037 1607 1104 1692 IX,
1135 1607 1253 1691 7e4,e

169 1722 277 1812 (Paul.
294 1723 368 1811 Sil.)
390 1725 659 1811 μεσημβριάοντα
682 1723 812 1812 legitur
833 1748 897 1815 pro
913 1724 1144 1811 μεσημβριάζω
1160 1723 1251 1792 Plat.

167 1840 315 1910 Phaedr.
352 1840 416 1908 259
431 1839 483 1927 A;
539 1840 748 1929 μισημβρίζω
788 1864 816 1910 e.
848 1864 901 1930 gr.
936 1840 1063 1910 Strabo
1101 1840 1152 1925 15,
1177 1842 1251 1925 694,

167 1957 277 2027 Nonn.
294 1957 336 2025 D.
353 1957 397 2044 X,
408 1957 480 2027 142.
526 1958 671 2028 Formae
688 1961 873 2028 verborum
895 1959 1086 2045 ταρεόριάω
1109 1956 1253 2047 denique

166 2075 213 2162 H,
237 2076 280 2143 10
312 2077 523 2162 παρεδριόων
545 2078 581 2144 et
602 2076 843 2162 συνεόριάομαι
858 2075 885 2159 Ι,
899 2076 963 2143 328
988 2075 1254 2161 συνεδριάασθαι

167 2215 230 2282 pro
245 2192 445 2281 vulgaribus
461 2193 580 2262 formis
596 2195 791 2280 ταρεδρεύω
808 2196 845 2262 et
860 2196 1051 2280 σονιδρεύω
1066 2193 1252 2264 collocatae

167 2309 381 2379 Homericam
407 2332 491 2400 prae
515 2334 551 2379 se
573 2310 798 2380 imitationem
828 2311 946 2379 ferunt
976 2310 1162 2399 (cf.p.19,
1195 2310 1252 2379 ubi

167 2427 314 2496 activam
335 2427 477 2497 formam
499 2428 640 2517 ἕλριόων
666 2428 783 2496 eadem
805 2428 965 2517 analogia
988 2427 1251 2518 explicavimus).

253 2545 348 2630 Quae
369 2546 477 2614 verba
505 2546 535 2614 si
560 2545 596 2613 in
627 2547 821 2615 universum
852 2548 1052 2635 spectamus,
1085 2545 1252 2634 duplicem

165 2661 265 2730 buius
288 2662 379 2731 modi
399 2663 587 2731 formarum
610 2662 775 2751 originem
791 2662 953 2732 videmus.
989 2662 1141 2730 Primum
1164 2662 1251 2731 enim

165 2777 202 2846 in
222 2778 351 2847 usitato
375 2802 507 2869 quoque
530 2802 683 2849 sermone
705 2779 791 2848 talia
813 2783 920 2849 verba
941 2782 1126 2849 exstabant
1147 2782 1250 2869 atque

166 2918 297 2986 semper
327 2900 554 2982 novabantur,
587 2897 707 2987 quibus
735 2897 870 2965 minime
899 2898 994 2967 notio
1024 2896 1250 2985 aegritudinis

165 3015 227 3081 aut
250 3012 295 3082 ad
317 3013 562 3102 aegrotandum
586 3013 817 3103 proclivitatis
840 3015 955 3083 inerat
977 3015 1153 3103 (νειτνιάω,
1175 3021 1253 3101 ἀρο-

165 3130 283 3217 τριάως
323 3133 476 3216 άνωνιάω
514 3132 549 3200 vi
580 3131 753 3200 metuendi
784 3132 874 3220 apud
904 3130 1102 3218 Polybium
1137 3143 1250 3218 κοινῆς

165 3249 244 3314 erat
276 3250 495 3333 ἀγαλλιάομαι
526 3271 590 3339 pro
623 3249 807 3335 άγάλλομαι
819 3272 827 3334 ;
866 3249 907 3316 cf.
943 3271 1028 3338 quae
1062 3248 1249 3317 Schmidius

162 3363 226 3431 l.L
249 3363 312 3449 IV,
337 3366 399 3432 703
423 3364 464 3433 de
485 3366 550 3434 hac
571 3363 830 3435 voce‘disserit:
864 3366 948 3452 ,Die
970 3366 1169 3434 Formation
1188 3366 1254 3434 auf

164 3482 241 3548 τιάω
253 3481 303 3549 ist
315 3481 387 3551 also
400 3481 486 3550 auch
497 3481 559 3550 der
569 3482 725 3571 Spbtzeit
736 3483 834 3551 nicht
843 3505 931 3572 ganz
944 3483 1250 3571 entscbwunden“).

164 3596 232 3666 Sed
253 3598 450 3687 plerumque
471 3600 562 3688 apud
584 3600 694 3689 epicos
716 3588 899 3690 participia
920 3600 1042 3669 talium
1056 3602 1249 3685 verborum,

162 3714 282 3783 formis
300 3716 391 3805 epico
407 3739 500 3787 more
513 3717 550 3784 in
564 3742 641 3784 -οω-
657 3717 830 3786 distractis
846 3721 1013 3806 usurpata
1027 3721 1117 3786 sunt.
1150 3717 1250 3786 Unde

162 3832 388 3920 cognoscitur,
415 3856 501 3923 quae
518 3835 629 3924 poetis
651 3834 801 3904 novandi
822 3835 930 3903 fuerit
946 3856 1063 3903 causa:
1088 3835 1140 3902 ita
1161 3835 1250 3903 euim

163 3948 363 4037 dactylicus,
386 3954 495 4019 metro
519 3974 729 4041 summopere
750 3951 987 4021 convenientes
1011 3951 1137 4021 formas
1160 3974 1249 4019 asse-

162 4069 362 4155 quebantur.
414 4068 499 4136 Inde
520 4068 724 4158 Apollonius
754 4071 809 4137 tot
832 4069 900 4157 (28)
922 4068 959 4136 in
981 4071 1064 4148 -όεις
1092 4068 1250 4137 cadentia

162 4182 332 4252 adiectiva
355 4182 519 4269 adhibuit,
543 4184 637 4251 cuius
660 4184 793 4272 generis
816 4184 890 4273 ipse
908 4183 1052 4253 novavit
1066 4185 1250 4270 βοτρυόεις,

163 4302 297 4386 ίλνόεις,
320 4304 498 4386 λιγνυόεις,
520 4305 656 4387 μνιόιις,
679 4305 816 4385 πινόεις,
845 4302 1003 4392 (quorum
1024 4303 1139 4372 amen
1162 4323 1248 4371 sum·
