2842 4942
689 369 730 436 21

166 545 228 615 181
253 546 403 615 dixerat:
427 544 691 632 ἀποκλινομένης
714 543 751 611 δέ
773 555 831 630 τῆς
851 544 984 634 Ιἡμέρας,
1016 567 1090 613 cum
1112 540 1250 611 Aristo-

165 664 251 732 teles
274 666 310 732 et
332 663 495 752 Xenopho
518 662 581 731 illa
603 663 659 732 via
681 661 926 730 recentioribus
949 662 1148 751 praeissent.

253 781 365 849 Media
393 780 513 848 deinde
546 803 609 869 pro
640 780 761 848 activis
790 779 904 868 posita
934 779 964 847 si
994 781 1249 867 perscrutamur
1290 774 1363 861 §d

164 900 227 969 hoo
256 899 394 987 dignum
423 921 495 966 esse
530 898 618 988 quod
647 897 942 967 animadvertatur
972 897 1118 981 videtur,
1159 897 1250 985 quod

165 1017 232 1108 Ap.
250 1038 449 1106 quamquam
464 1016 672 1086 Graecorum
693 1016 830 1103 linguae
852 1016 888 1083 in
909 1015 1027 1084 mediis
1051 1015 1248 1084 adhibendis

166 1157 294 1205 summa
316 1139 391 1204 erat
413 1135 560 1213 licentia,
592 1137 706 1202 tamen
729 1135 862 1202 omnino
885 1157 953 1200 non
975 1133 1090 1203 multis
1115 1137 1157 1203 ab
1179 1133 1249 1201 Ho-

165 1275 258 1322 mero
282 1253 400 1321 ah’enis
424 1252 538 1321 verbis
561 1251 679 1319 mediis
700 1274 781 1319 usus
799 1254 859 1320 est.
905 1251 960 1318 Ex
982 1251 1102 1340 quibus
1125 1253 1248 1320 usitati

166 1371 329 1440 sermonis
364 1372 464 1439 erant
497 1369 607 1438 media
637 1370 815 1437 verborum
851 1369 947 1436 αίτέω
981 1367 1040 1455 (ΙΙ,
1062 1369 1139 1454 486,
1162 1370 1250 1457 951),

165 1492 262 1556 τείνω
285 1488 439 1574 (erebro),
464 1487 648 1575 φαρμοίσσω
661 1486 740 1574 (HI,
756 1486 842 1573 859),
867 1486 991 1573 μετρέω
1015 1486 1055 1575 (Ι,
1073 1485 1167 1575 724);
1190 1511 1248 1553 κα-

165 1610 301 1674 νόνεσσι
326 1606 384 1672 dots
407 1606 488 1690 ξυνα
508 1607 753 1691 μετρήσασθαι,
786 1603 874 1671 unde
897 1603 1105 1672 recentiores
1128 1607 1251 1692 poetae

165 1723 310 1791 medium
331 1724 532 1811 receperunt
561 1745 622 1810 pro
647 1744 685 1789 eo
709 1743 840 1810 quoque
864 1721 952 1810 quod
973 1721 1119 1794 Homero
1142 1720 1249 1810 Apol·

164 1841 322 1930 Ionioque
356 1843 410 1909 est
443 1839 596 1925 aetiopes,
630 1840 692 1905 tea
725 1841 875 1926 μετρεῖνε
909 1838 1034 1907 Moseh.
1067 1838 1149 1926 Εὐρ.
1183 1839 1247 1906 157

166 1959 245 2047 (quo
260 1959 295 2026 in
311 1958 456 2026 carmine
472 1980 572 2046 saepe
583 1956 802 2045 Apollonium
817 1955 971 2024 imitatus
987 1957 1053 2043 est)
1067 1959 1170 2042 τόσην
1186 1958 1249 2024 ἅλα

164 2079 408 2163 μετρήσασθαι,
438 2076 538 2144 Dion.
557 2075 635 2142 Per.
656 2075 720 2140 716
757 2076 885 2159 πολλὴν
920 2075 982 2140 ἅλα
1011 2078 1250 2160 μετρήσασθαι.

166 2193 301 2276 Videas,
315 2215 413 2281 quam
426 2194 510 2260 bene
521 2191 648 2260 talibus
661 2192 777 2260 formis
789 2212 906 2258 versus
920 2191 1130 2276 claudantur,
1143 2177 1251 2281 neque

166 2310 302 2379 dubium
317 2313 379 2395 est,
403 2311 484 2399 quin
499 2332 539 2378 ea
555 2310 596 2378 de
611 2330 712 2377 causa
733 2310 843 2398 poetis
867 2331 1069 2399 magnopere
1093 2313 1251 2398 acceptae

164 2449 411 2517 nonnumquam
452 2428 572 2497 activis
609 2428 785 2518 praelatae
818 2427 887 2494 sint
926 2426 1022 2495 nulla
1061 2427 1251 2497 sententiae

165 2544 297 2613 ratione
329 2545 431 2614 facta.
478 2545 547 2613 Cur
577 2546 665 2614 enim
698 2546 900 2635 Apollonius
932 2547 959 2631 Ι,
983 2548 1025 2614 83
1057 2549 1168 2635 Λιβύῃ
1199 2550 1250 2613 ἔνι

165 2665 371 2750 ταρχύσαντο
403 2667 440 2733 et
462 2663 524 2748 IV,
551 2664 636 2732 1500
666 2667 744 2753 γαίῃ
774 2665 802 2730 d’
828 2668 878 2732 ἔνι
900 2667 1108 2753 ταρχύσαντο
1137 2664 1245 2734 medio

164 2781 256 2850 vocis
280 2784 436 2868 ταρχύειν
467 2804 547 2850 usus
578 2789 630 2850 est
659 2782 725 2850 nisi
748 2783 789 2849 ob
811 2782 907 2850 illam
939 2783 1095 2851 causam?
1124 2781 1246 2869 (Noun.

164 2898 206 2965 D.
230 2898 404 2966 XXXVII
427 2899 484 2986 963
508 2898 568 2967 cfs.
592 2899 655 2982 Qu.
671 2898 737 2968 Sm.
754 2899 816 2984 XI,
833 2901 876 2967 65
900 2903 1052 2988 τρίαιναν
1068 2899 1117 2966 ἐπ’
1135 2901 1251 2986 ἰχθύσι

165 3015 397 3103 νωμήσασθαι)
420 3016 576 3085 -haud
607 3017 709 3085 aliter
739 3039 778 3085 ac
811 3019 840 3085 si
862 3018 980 3085 Latini
1006 3019 1128 3106 poetae
1150 3017 1252 3084 metri

165 3154 267 3202 causa
290 3134 436 3222 perfecti
458 3133 664 3203 infinitivum
681 3158 742 3223 pro
758 3137 946 3225 praesentis
969 3138 1143 3223 usurpant.
1190 3134 1250 3202 Ce-

163 3255 276 3320 terum
305 3250 367 3319 hec
399 3274 530 3342 quoque
561 3252 772 3322 demonstret
800 3253 1002 3321 facultatem
1034 3252 1250 3337 diiudicandi,

164 3367 246 3456 quid
268 3367 407 3436 valeant
438 3369 534 3438 verbi
565 3392 698 3456 genera,
730 3369 798 3437 iam
826 3370 888 3438 illa
918 3374 1033 3438 aetate
1064 3370 1249 3439 evanuisse.

163 3484 346 3574 Epicarum
376 3490 490 3554 autem
512 3510 632 3556 vocum
662 3490 841 3554 κτεατίσσα
865 3490 901 3554 et
923 3489 1088 3568 σκοπιύζω
1119 3487 1251 3555 formae

162 3602 210 3687 H,
228 3604 292 3670 788
314 3607 525 3673 κτεατίσσατο
547 3605 700 3690 (Theocr.
717 3611 821 3673 Πτολ.
839 3607 902 3674 1Οὸ
927 3607 1042 3675 eodem
1064 3608 1137 3675 loco
1160 3629 1250 3673 κτεα-

163 3720 305 3808 τίξιται),
328 3720 375 3805 Π,
392 3721 457 3788 918
473 3722 667 3803 σκοπιάζετο
689 3723 923 3809 νῆα(Τ1]οοοτ.
940 3728 1059 3810 Κῶμος
1074 3725 1142 3808 26),
1167 3746 1249 3813 quas

163 3838 368 3906 recentiores
413 3861 544 3929 quoque
590 3840 827 3927 adhibuerunt,
874 3840 1032 3928 analogia
1069 3842 1250 3909 verborum

163 3953 303 4037 κτύομαι
326 3956 363 4021 et
386 3955 569 4041 σκέπτομαι
591 3957 647 4025 vel
670 3968 857 4044 σκοποῦμαι
883 3959 1022 4025 exertae
1045 3959 1134 4024 sunt.
1181 3954 1247 4024 Ve-

163 4091 237 4136 ram
260 4069 402 4159 denique
423 4071 526 4139 medii
541 4072 609 4141 vim
631 4072 697 4157 ΙΠ,
717 4074 802 4141 1032
826 4075 1012 4159 ὀρύξασθαι
1035 4073 1148 4157 habet,
1173 4095 1247 4141 cum

163 4186 192 4271 Ι,
215 4187 278 4254 375
311 4188 510 4275 στορέσαντο
533 4190 696 4277 explicari
718 4213 785 4258 non
805 4191 929 4279 possit;
963 4190 1103 4258 Theoor.
1123 4189 1183 4257 Ὑί.
1196 4191 1238 4257 33

163 4304 364 4391 στορέσαντο
391 4304 475 4394 „eibi
499 4307 727 4379 straverunt“.
