2842 4942
687 375 730 444 13

253 553 387 628 κείνους
407 549 434 616 εἰ
459 552 619 637 εἰςορόων
645 549 765 636 ἀκέοις,
785 552 937 632 ’ψεύδοιό
959 554 994 618 ’τε
1016 552 1130 635 θυμόν
1156 547 1252 635 „illas

162 667 299 735 intuens
313 668 555 735 obmutescam.
587 667 802 736 Homericum
815 668 903 736 enim
915 667 1022 735 ἀκέων
1034 664 1252 756 participium

164 789 238 853 esse
262 783 458 853 existimans
480 806 604 852 novam
634 783 730 852 illam
751 784 896 853 formam
918 784 1047 873 fingere
1068 806 1136 850 non
1158 782 1252 850 dubi-

162 901 264 977 tavit,
297 924 364 990 qus
388 901 443 969 via
464 923 507 968 ne
528 901 619 970 ullus
643 901 776 990 quidem
806 905 910 991 poeta
932 924 1008 969 eum
1029 904 1163 970 secutus
1187 901 1250 967 est.

163 1017 313 1086 Similem
342 1041 404 1107 per
436 1029 586 1087 errorem
607 1017 823 1088 Homericum
852 1018 1001 1087 ἐκέκλετο
1035 1041 1098 1106 pro
1130 1017 1251 1106 imper·

164 1135 255 1203 fecto
300 1136 425 1204 habens
466 1158 627 1224 praesens
669 1136 826 1221 κέκλομαι
868 1136 1012 1206 novavit
1043 1134 1070 1219 Ι,
1094 1135 1168 1218 716,
1202 1134 1251 1217 Π,

165 1252 240 1336 693,
264 1252 332 1335 ΙΠ,
357 1253 430 1337 908,
455 1275 523 1341 qua
544 1252 581 1320 in
603 1276 642 1321 re
663 1252 787 1321 iterum
802 1257 964 1342 quantam
985 1252 1046 1321 ille
1068 1252 1156 1341 apud
1178 1274 1253 1340 pos·

167 1368 313 1437 teniores
330 1369 491 1437 habuerit
507 1370 748 1438 auctoritatem
762 1370 910 1460 perspici
923 1372 1049 1458 potest,
1066 1368 1124 1457 qui
1137 1367 1253 1437 eadem

169 1485 280 1553 forma
296 1486 429 1574 saepius
445 1486 498 1554 nsi
514 1486 593 1572 sint,
609 1490 650 1556 ut
664 1486 749 1576 Opp.
762 1487 841 1555 Hal.
858 1486 924 1570 ΙΙΙ,
939 1488 1017 1573 311,
1042 1486 1144 1575 Orph.
1160 1484 1253 1553 Lith.

169 1603 232 1670 179
246 1603 312 1672 Ab.
357 1603 462 1688 Idem,
487 1604 566 1694 quia
588 1607 710 1692 ἔμμορε
733 1605 789 1690 (Α,
811 1606 876 1672 278
896 1607 936 1697 et
958 1604 1015 1692 al.)
1039 1603 1160 1673 aoristi
1182 1602 1254 1671 for·

166 1742 255 1789 mam
278 1720 506 1806 existimabat,
529 1721 578 1806 H,
601 1721 624 1788 4
645 1725 683 1790 et
703 1721 766 1805 IV,
789 1722 833 1788 42
855 1724 996 1808 ἔμμορες
1017 1720 1133 1809 posuit
1145 1719 1179 1808 1).

254 1839 335 1906 Iure
358 1841 473 1906 autem
494 1838 569 1906 fieri
585 1838 728 1923 credam,
753 1838 783 1906 si
805 1842 924 1906 eontra
946 1838 1008 1906 has
1022 1838 1149 1906 formas
1171 1859 1253 1906 non-

166 1955 282 2023 nullae
313 1959 495 2045 ponuntur,
528 1977 611 2045 quas
645 1959 870 2044 congruentes
894 1978 969 2024 cum
992 1955 1168 2024 Homerico
1191 1979 1255 2024 usu

167 2072 348 2160 usurpavit
370 2072 585 2162 Apollonius,
618 2094 818 2162 quamquam
841 2095 869 2140 e.
891 2095 944 2160 gr.
969 2094 990 2140 a
1011 2071 1155 2160 tragicis
1186 2095 1255 2141 non

168 2192 263 2258 recte
286 2188 459 2258 adhibitae
482 2193 592 2258 erent.
637 2189 846 2258 Luculeuter
877 2189 965 2257 enim
997 2211 1039 2258 ex
1069 2189 1161 2257 illius
1191 2213 1255 2259 usn

169 2306 323 2395 cognosci
345 2310 460 2394 potest
481 2309 565 2375 bene
587 2306 685 2373 illum
698 2307 833 2376 novisse
857 2313 960 2392 ἴαχον,
984 2305 1113 2395 (timec,
1134 2308 1255 2375 ἔκλυον

172 2423 292 2492 aoristi
313 2446 453 2493 munere
476 2423 566 2512 opud
587 2423 770 2491 Homerum
791 2425 898 2512 fungi.

256 2540 351 2609 Nihil
383 2544 497 2608 autem
529 2540 615 2609 certi
646 2539 687 2608 de
719 2539 829 2608 forms
860 2540 1016 2626 ἀηθέσσω
1039 2540 1101 2624 IV,
1126 2540 1168 2606 38
1191 2539 1258 2607 dici

170 2660 296 2746 potest.
342 2656 430 2725 Cum
451 2658 539 2725 enim
560 2656 626 2746 Ap.
651 2657 822 2744 ἀήθεσσον
845 2660 879 2722 K
885 2657 951 2724 493
973 2678 1037 2745 pro
1057 2655 1256 2745 imperfecto

170 2775 328 2843 habuisse
350 2774 520 2858 videatur,
544 2775 666 2842 mirum
690 2778 744 2843 est
765 2798 825 2842 cur
848 2774 921 2863 ipse
943 2775 972 2859 I,
990 2773 1073 2841 1171
1098 2774 1256 2860 ἀήθεσον,

170 2914 238 2959 non
260 2892 432 2978 ἀήθεσσον
453 2891 617 2980 posuerit.

259 3008 387 3093 Quibus
417 3008 537 3077 formis
566 3009 730 3078 tractatis
761 3010 897 3077 restant
919 3007 984 3074 duo
1007 3006 1160 3076 ordines:
1191 3028 1256 3072 uno

172 3124 389 3194 continentur
404 3147 474 3210 eae,
491 3147 574 3215 quas
591 3125 657 3214 Ap.
671 3148 713 3193 ex
728 3125 824 3214 opica
838 3124 893 3193 vel
908 3124 1042 3214 poetica
1058 3122 1256 3206 elocutione,

172 3242 294 3327 altero,
327 3265 410 3332 quas
434 3266 477 3312 ex
497 3242 627 3312 usitato
651 3264 806 3311 sermone
834 3242 972 3330 recepit.
1018 3241 1148 3309 Prioris
1179 3245 1259 3310 sunt

175 3358 253 3427 hae:
1253 3415 1255 3418 .

174 3475 295 3545 aoristi
327 3477 521 3549 verborum:
557 3477 707 3561 ἀλεγύνω
739 3476 877 3565 Empcd.
912 3475 955 3544 fr.
981 3475 1108 3561 1371),
1140 3475 1169 3557 Ι,
1194 3475 1260 3543 394

261 3596 297 3662 et
319 3593 363 3661 al.
896 3576 900 3584 ’

261 3713 404 3799 tagaton
427 3710 495 3793 HI,
519 3711 601 3791 2223
623 3710 805 3798 Lycophro
829 3710 904 3778 624.

260 3828 438 3913 μοιρᾶομοο
461 3826 522 3910 IV,
549 3827 650 3910 1533;
674 3826 796 3895 Aesch.
821 3824 915 3915 Sept.
939 3827 1020 3910 889,

175 3944 370 4033 praesentia
392 3945 590 4014 verborum:
615 3945 731 4029 ὀχλίζω
755 3943 783 4028 Ι,
806 3943 889 4028 402,
913 3944 1076 4027 τερσαίνω
1097 3941 1160 4024 IV,
1173 3943 1237 4010 607
1250 3919 1263 4029 ;¹

177 4060 359 4149 Lycophro
376 4061 457 4148 390,
481 4060 672 4149 perfectum
686 4061 866 4147 μεμαρπώς
879 4058 961 4127 Ηοε.
978 4081 1031 4147 op.
1048 4059 1129 4146 204,
1153 4060 1260 4129 verba

268 4315 295 4387 1)
313 4312 409 4379 aaa
426 4313 445 4370 1.
462 4313 481 4371 n
502 4329 530 4386 p.
551 4315 699 4372 ονε-ιον.
