<?xml version="1.0" encoding="UTF-8"?>
<!DOCTYPE html PUBLIC "-//W3C//DTD XHTML 1.0 Transitional//EN"
    "http://www.w3.org/TR/xhtml1/DTD/xhtml1-transitional.dtd">
<html xmlns="http://www.w3.org/1999/xhtml" xml:lang="en" lang="en">
 <head>
  <title>
</title>
<meta http-equiv="Content-Type" content="text/html;charset=utf-8" />
  <meta name='ocr-system' content='tesseract 3.04.00' />
  <meta name='ocr-capabilities' content='ocr_page ocr_carea ocr_par ocr_line ocrx_word'/>
</head>
<body>
  <div class='ocr_page' id='page_1' title='image "./deapolloniirhod00boesgoog_0014.png"; bbox 0 0 2842 4942; ppageno 0'>
   <div class='ocr_carea' id='block_1_1' title="bbox 702 329 722 393">
    <p class='ocr_par' dir='ltr' id='par_1_1' title="bbox 702 329 722 393">
     <span class='ocr_line' id='line_1_1' title="bbox 702 329 722 393; baseline 0 0"><span class='ocrx_word' id='word_1_1' title='bbox 702 329 722 393; x_wconf 89' lang='grc'><strong>9</strong></span> 
     </span>
    </p>
   </div>
   <div class='ocr_carea' id='block_1_2' title="bbox 164 499 1254 3633">
    <p class='ocr_par' dir='ltr' id='par_1_2' title="bbox 168 499 1254 1054">
     <span class='ocr_line' id='line_1_2' title="bbox 168 499 1254 589; baseline 0 -21"><span class='ocrx_word' id='word_1_2' title='bbox 168 500 316 589; x_wconf 65' lang='grc' dir='ltr'><strong><em>ἐρείδει)</em></strong></span> <span class='ocrx_word' id='word_1_3' title='bbox 329 501 431 570; x_wconf 85' lang='lat' dir='ltr'><strong>modii</strong></span> <span class='ocrx_word' id='word_1_4' title='bbox 452 501 490 571; x_wconf 89' lang='lat' dir='ltr'><strong>vi</strong></span> <span class='ocrx_word' id='word_1_5' title='bbox 508 504 708 589; x_wconf 85' lang='lat' dir='ltr'><strong>usurpatum</strong></span> <span class='ocrx_word' id='word_1_6' title='bbox 730 523 803 569; x_wconf 88' lang='lat' dir='ltr'><strong>esse</strong></span> <span class='ocrx_word' id='word_1_7' title='bbox 826 499 1051 583; x_wconf 71' lang='lat' dir='ltr'><strong>adnotaverit,</strong></span> <span class='ocrx_word' id='word_1_8' title='bbox 1075 500 1164 568; x_wconf 86' lang='lat' dir='ltr'><strong>haud</strong></span> <span class='ocrx_word' id='word_1_9' title='bbox 1187 500 1254 568; x_wconf 77' lang='lat' dir='ltr'><strong>scio</strong></span> 
     </span>
     <span class='ocr_line' id='line_1_3' title="bbox 168 617 1254 705; baseline -0.002 -19"><span class='ocrx_word' id='word_1_10' title='bbox 168 640 214 686; x_wconf 85' lang='lat' dir='ltr'><strong>an</strong></span> <span class='ocrx_word' id='word_1_11' title='bbox 234 618 262 702; x_wconf 89' lang='grc' dir='ltr'><strong>Ι,</strong></span> <span class='ocrx_word' id='word_1_12' title='bbox 286 619 349 686; x_wconf 87' lang='grc'><strong>791</strong></span> <span class='ocrx_word' id='word_1_13' title='bbox 372 619 393 703; x_wconf 76' lang='grc' dir='ltr'><strong><em>ἣ</em></strong></span> <span class='ocrx_word' id='word_1_14' title='bbox 416 619 446 684; x_wconf 93' lang='grc' dir='ltr'><strong>δ’</strong></span> <span class='ocrx_word' id='word_1_15' title='bbox 472 618 627 703; x_wconf 74' lang='grc' dir='ltr'><strong>ἐγκλιδὸν</strong></span> <span class='ocrx_word' id='word_1_16' title='bbox 650 620 729 685; x_wconf 80' lang='grc' dir='ltr'><strong><em>ὄσσε</em></strong></span> <span class='ocrx_word' id='word_1_17' title='bbox 758 622 908 704; x_wconf 80' lang='grc' dir='ltr'><strong><em>βαλοῦσα</em></strong></span> <span class='ocrx_word' id='word_1_18' title='bbox 927 617 932 705; x_wconf 64' lang='lat' dir='ltr'><strong>t</strong></span> <span class='ocrx_word' id='word_1_19' title='bbox 952 620 1159 703; x_wconf 79' lang='grc' dir='ltr'><strong><em>παρθενικὰς</em></strong></span> <span class='ocrx_word' id='word_1_20' title='bbox 1180 618 1254 704; x_wconf 85' lang='grc' dir='ltr'><strong><em>έρύ-</em></strong></span> 
     </span>
     <span class='ocr_line' id='line_1_4' title="bbox 168 734 1253 820; baseline -0.001 -18"><span class='ocrx_word' id='word_1_21' title='bbox 168 743 254 820; x_wconf 75' lang='grc' dir='ltr'><strong><em>θηνε</em></strong></span> <span class='ocrx_word' id='word_1_22' title='bbox 277 737 441 820; x_wconf 77' lang='grc' dir='ltr'><strong><em>παρηίδας</em></strong></span> <span class='ocrx_word' id='word_1_23' title='bbox 464 737 500 802; x_wconf 82' lang='lat' dir='ltr'><strong>et</strong></span> <span class='ocrx_word' id='word_1_24' title='bbox 521 734 589 819; x_wconf 87' lang='grc' dir='ltr'><strong>ΠΙ,</strong></span> <span class='ocrx_word' id='word_1_25' title='bbox 607 735 670 802; x_wconf 82' lang='grc'><strong>682</strong></span> <span class='ocrx_word' id='word_1_26' title='bbox 695 734 740 813; x_wconf 78' lang='grc' dir='ltr'><strong>ὣς</strong></span> <span class='ocrx_word' id='word_1_27' title='bbox 762 736 866 819; x_wconf 82' lang='grc' dir='ltr'><strong><em>φάτο·</em></strong></span> <span class='ocrx_word' id='word_1_28' title='bbox 888 744 946 820; x_wconf 79' lang='grc' dir='ltr'><strong>τῆς</strong></span> <span class='ocrx_word' id='word_1_29' title='bbox 968 735 996 801; x_wconf 86' lang='grc' dir='ltr'><strong>δ’</strong></span> <span class='ocrx_word' id='word_1_30' title='bbox 1022 734 1167 820; x_wconf 75' lang='grc' dir='ltr'><strong><em>ἐρύθηνε</em></strong></span> <span class='ocrx_word' id='word_1_31' title='bbox 1190 757 1253 801; x_wconf 82' lang='grc' dir='ltr'><strong>κα-</strong></span> 
     </span>
     <span class='ocr_line' id='line_1_5' title="bbox 169 850 1254 940; baseline 0.001 -23"><span class='ocrx_word' id='word_1_32' title='bbox 169 855 247 937; x_wconf 81' lang='grc' dir='ltr'><strong><em>ρηια</em></strong></span> <span class='ocrx_word' id='word_1_33' title='bbox 268 850 524 919; x_wconf 76' lang='lat' dir='ltr'><strong>intransitivum</strong></span> <span class='ocrx_word' id='word_1_34' title='bbox 544 851 642 918; x_wconf 82' lang='lat' dir='ltr'><strong>iilum</strong></span> <span class='ocrx_word' id='word_1_35' title='bbox 663 874 760 919; x_wconf 86' lang='lat' dir='ltr'><strong>usum</strong></span> <span class='ocrx_word' id='word_1_36' title='bbox 779 850 822 919; x_wconf 88' lang='lat' dir='ltr'><strong>ad</strong></span> <span class='ocrx_word' id='word_1_37' title='bbox 845 851 974 940; x_wconf 89' lang='lat' dir='ltr'><strong>epicum</strong></span> <span class='ocrx_word' id='word_1_38' title='bbox 995 852 1134 919; x_wconf 89' lang='lat' dir='ltr'><strong>verbum</strong></span> <span class='ocrx_word' id='word_1_39' title='bbox 1148 851 1254 940; x_wconf 92' lang='lat' dir='ltr'><strong>Apol·</strong></span> 
     </span>
     <span class='ocr_line' id='line_1_6' title="bbox 168 967 1162 1054; baseline -0.001 -18"><span class='ocrx_word' id='word_1_40' title='bbox 168 967 279 1036; x_wconf 86' lang='lat' dir='ltr'><strong>lonius</strong></span> <span class='ocrx_word' id='word_1_41' title='bbox 302 968 541 1054; x_wconf 80' lang='lat' dir='ltr'><strong>transtulerit3</strong></span> <span class='ocrx_word' id='word_1_42' title='bbox 566 971 604 1036; x_wconf 88' lang='lat' dir='ltr'><strong>at</strong></span> <span class='ocrx_word' id='word_1_43' title='bbox 625 968 687 1051; x_wconf 89' lang='lat' dir='ltr'><strong>IV,</strong></span> <span class='ocrx_word' id='word_1_44' title='bbox 703 968 770 1034; x_wconf 85' lang='lat'><strong>474</strong></span> <span class='ocrx_word' id='word_1_45' title='bbox 791 969 938 1037; x_wconf 76' lang='lat' dir='ltr'><strong>activam</strong></span> <span class='ocrx_word' id='word_1_46' title='bbox 961 968 1064 1037; x_wconf 86' lang='lat' dir='ltr'><strong>habet</strong></span> <span class='ocrx_word' id='word_1_47' title='bbox 1086 968 1162 1037; x_wconf 91' lang='lat' dir='ltr'><strong>vim.</strong></span> 
     </span>
    </p>

    <p class='ocr_par' dir='ltr' id='par_1_3' title="bbox 166 1084 1254 1525">
     <span class='ocr_line' id='line_1_7' title="bbox 255 1084 1254 1174; baseline 0.002 -22"><span class='ocrx_word' id='word_1_48' title='bbox 255 1085 422 1152; x_wconf 81' lang='lat' dir='ltr'><strong>Futurum</strong></span> <span class='ocrx_word' id='word_1_49' title='bbox 444 1084 564 1153; x_wconf 87' lang='lat' dir='ltr'><strong>deinde</strong></span> <span class='ocrx_word' id='word_1_50' title='bbox 586 1085 749 1154; x_wconf 82' lang='lat' dir='ltr'><strong>formavit</strong></span> <span class='ocrx_word' id='word_1_51' title='bbox 770 1086 836 1174; x_wconf 87' lang='lat' dir='ltr'><strong>Ap.</strong></span> <span class='ocrx_word' id='word_1_52' title='bbox 862 1087 1107 1171; x_wconf 75' lang='grc' dir='ltr'><strong><em>ἀλαλκήσουσιν</em></strong></span> <span class='ocrx_word' id='word_1_53' title='bbox 1128 1086 1176 1171; x_wconf 93' lang='grc' dir='ltr'><strong>ΙΙ,</strong></span> <span class='ocrx_word' id='word_1_54' title='bbox 1190 1087 1254 1154; x_wconf 84' lang='grc'><strong>235</strong></span> 
     </span>
     <span class='ocr_line' id='line_1_8' title="bbox 169 1202 1253 1291; baseline 0 -20"><span class='ocrx_word' id='word_1_55' title='bbox 169 1204 211 1271; x_wconf 90' lang='lat' dir='ltr'><strong>ab</strong></span> <span class='ocrx_word' id='word_1_56' title='bbox 233 1203 363 1271; x_wconf 89' lang='lat' dir='ltr'><strong>aoristo</strong></span> <span class='ocrx_word' id='word_1_57' title='bbox 387 1202 480 1291; x_wconf 91' lang='lat' dir='ltr'><strong>epico</strong></span> <span class='ocrx_word' id='word_1_58' title='bbox 503 1205 624 1269; x_wconf 75' lang='grc' dir='ltr'><strong><em>ἄλαλκε</em></strong></span> <span class='ocrx_word' id='word_1_59' title='bbox 654 1225 863 1290; x_wconf 85' lang='lat' dir='ltr'><strong>progressus,</strong></span> <span class='ocrx_word' id='word_1_60' title='bbox 894 1206 933 1270; x_wconf 85' lang='lat' dir='ltr'><strong>ut</strong></span> <span class='ocrx_word' id='word_1_61' title='bbox 963 1203 1056 1271; x_wconf 85' lang='lat' dir='ltr'><strong>inter</strong></span> <span class='ocrx_word' id='word_1_62' title='bbox 1079 1225 1116 1271; x_wconf 88' lang='lat' dir='ltr'><strong>se</strong></span> <span class='ocrx_word' id='word_1_63' title='bbox 1139 1204 1253 1272; x_wconf 86' lang='lat' dir='ltr'><strong>cohae-</strong></span> 
     </span>
     <span class='ocr_line' id='line_1_9' title="bbox 166 1318 1253 1408; baseline 0.001 -21"><span class='ocrx_word' id='word_1_64' title='bbox 166 1325 281 1388; x_wconf 82' lang='lat' dir='ltr'><strong>rentes</strong></span> <span class='ocrx_word' id='word_1_65' title='bbox 303 1320 428 1388; x_wconf 90' lang='lat' dir='ltr'><strong>multas</strong></span> <span class='ocrx_word' id='word_1_66' title='bbox 452 1318 592 1388; x_wconf 88' lang='lat' dir='ltr'><strong>videbat</strong></span> <span class='ocrx_word' id='word_1_67' title='bbox 613 1319 755 1404; x_wconf 84' lang='lat' dir='ltr'><strong>formas,</strong></span> <span class='ocrx_word' id='word_1_68' title='bbox 780 1342 808 1387; x_wconf 88' lang='lat' dir='ltr'><strong>e.</strong></span> <span class='ocrx_word' id='word_1_69' title='bbox 824 1343 875 1408; x_wconf 84' lang='lat' dir='ltr'><strong>gr.</strong></span> <span class='ocrx_word' id='word_1_70' title='bbox 892 1323 1001 1407; x_wconf 83' lang='grc' dir='ltr'><strong><em>ἔσχον,</em></strong></span> <span class='ocrx_word' id='word_1_71' title='bbox 1026 1324 1153 1408; x_wconf 71' lang='grc' dir='ltr'><strong><em>σχήσω,</em></strong></span> <span class='ocrx_word' id='word_1_72' title='bbox 1176 1324 1253 1406; x_wconf 71' lang='grc' dir='ltr'><strong><em>ἤκα-</em></strong></span> 
     </span>
     <span class='ocr_line' id='line_1_10' title="bbox 167 1438 423 1525; baseline 0.004 -21"><span class='ocrx_word' id='word_1_73' title='bbox 167 1461 238 1524; x_wconf 88' lang='grc' dir='ltr'><strong><em>χον,</em></strong></span> <span class='ocrx_word' id='word_1_74' title='bbox 261 1438 423 1525; x_wconf 78' lang='grc' dir='ltr'><strong><em>ἀκαχησω.</em></strong></span> 
     </span>
    </p>

    <p class='ocr_par' dir='ltr' id='par_1_4' title="bbox 164 1553 1254 3049">
     <span class='ocr_line' id='line_1_11' title="bbox 254 1553 1253 1644; baseline 0.001 -23"><span class='ocrx_word' id='word_1_75' title='bbox 254 1553 406 1622; x_wconf 86' lang='lat' dir='ltr'><strong>Perfecti</strong></span> <span class='ocrx_word' id='word_1_76' title='bbox 429 1553 572 1644; x_wconf 90' lang='lat' dir='ltr'><strong>denique</strong></span> <span class='ocrx_word' id='word_1_77' title='bbox 593 1553 736 1622; x_wconf 85' lang='lat' dir='ltr'><strong>formam</strong></span> <span class='ocrx_word' id='word_1_78' title='bbox 753 1576 851 1644; x_wconf 87' lang='lat' dir='ltr'><strong>quam</strong></span> <span class='ocrx_word' id='word_1_79' title='bbox 872 1553 1015 1643; x_wconf 86' lang='lat' dir='ltr'><strong>legimus</strong></span> <span class='ocrx_word' id='word_1_80' title='bbox 1038 1554 1085 1640; x_wconf 94' lang='grc' dir='ltr'><strong>ΙΙ,</strong></span> <span class='ocrx_word' id='word_1_81' title='bbox 1103 1556 1144 1622; x_wconf 84' lang='grc'><strong>53</strong></span> <span class='ocrx_word' id='word_1_82' title='bbox 1166 1563 1253 1641; x_wconf 74' lang='grc' dir='ltr'><strong><em>θῆκε</em></strong></span> 
     </span>
     <span class='ocr_line' id='line_1_12' title="bbox 168 1671 1252 1760; baseline -0.001 -21"><span class='ocrx_word' id='word_1_83' title='bbox 168 1672 311 1760; x_wconf 76' lang='grc' dir='ltr'><strong><em>κάροιθε</em></strong></span> <span class='ocrx_word' id='word_1_84' title='bbox 328 1673 442 1740; x_wconf 80' lang='grc' dir='ltr'><strong><em>ποδῶν</em></strong></span> <span class='ocrx_word' id='word_1_85' title='bbox 458 1673 573 1750; x_wconf 81' lang='grc' dir='ltr'><strong><em>δοιοὺς</em></strong></span> <span class='ocrx_word' id='word_1_86' title='bbox 588 1671 768 1757; x_wconf 78' lang='grc' dir='ltr'><strong><em>ἑκάτερθεν</em></strong></span> <span class='ocrx_word' id='word_1_87' title='bbox 784 1673 920 1758; x_wconf 75' lang='grc' dir='ltr'><strong><em>ἱμάντας</em></strong></span> <span class='ocrx_word' id='word_1_88' title='bbox 930 1671 934 1759; x_wconf 79' lang='grc' dir='ltr'>Ι</span> <span class='ocrx_word' id='word_1_89' title='bbox 946 1675 1068 1759; x_wconf 84' lang='grc' dir='ltr'><strong><em>ὠμούς,</em></strong></span> <span class='ocrx_word' id='word_1_90' title='bbox 1084 1671 1252 1754; x_wconf 81' lang='grc' dir='ltr'><strong><em>ἀζαλέους,</em></strong></span> 
     </span>
     <span class='ocr_line' id='line_1_13' title="bbox 168 1789 1253 1878; baseline 0 -22"><span class='ocrx_word' id='word_1_91' title='bbox 168 1789 243 1876; x_wconf 84' lang='grc' dir='ltr'><strong><em>κέρι</em></strong></span> <span class='ocrx_word' id='word_1_92' title='bbox 267 1789 296 1856; x_wconf 86' lang='grc' dir='ltr'><strong>δ’</strong></span> <span class='ocrx_word' id='word_1_93' title='bbox 320 1791 405 1874; x_wconf 81' lang='grc' dir='ltr'><strong>οἵγ’</strong></span> <span class='ocrx_word' id='word_1_94' title='bbox 429 1789 725 1874; x_wconf 79' lang='grc' dir='ltr'><strong><em>ἔσαν-ἐσκληῶτες,</em></strong></span> <span class='ocrx_word' id='word_1_95' title='bbox 748 1811 948 1878; x_wconf 87' lang='lat' dir='ltr'><strong>quamquam</strong></span> <span class='ocrx_word' id='word_1_96' title='bbox 972 1790 1066 1857; x_wconf 84' lang='lat' dir='ltr'><strong>nullo</strong></span> <span class='ocrx_word' id='word_1_97' title='bbox 1090 1790 1164 1856; x_wconf 87' lang='lat' dir='ltr'><strong>loco</strong></span> <span class='ocrx_word' id='word_1_98' title='bbox 1185 1790 1253 1857; x_wconf 89' lang='lat' dir='ltr'><strong>nisi</strong></span> 
     </span>
     <span class='ocr_line' id='line_1_14' title="bbox 167 1905 1252 1994; baseline 0 -20"><span class='ocrx_word' id='word_1_99' title='bbox 167 1908 230 1976; x_wconf 90' lang='lat' dir='ltr'><strong>hoo</strong></span> <span class='ocrx_word' id='word_1_100' title='bbox 252 1909 376 1989; x_wconf 87' lang='lat' dir='ltr'><strong>exstat,</strong></span> <span class='ocrx_word' id='word_1_101' title='bbox 400 1909 514 1974; x_wconf 90' lang='lat' dir='ltr'><strong>tamen</strong></span> <span class='ocrx_word' id='word_1_102' title='bbox 537 1908 579 1974; x_wconf 91' lang='lat' dir='ltr'><strong>ab</strong></span> <span class='ocrx_word' id='word_1_103' title='bbox 594 1905 778 1994; x_wconf 90' lang='lat' dir='ltr'><strong>Apollonio</strong></span> <span class='ocrx_word' id='word_1_104' title='bbox 801 1928 869 1973; x_wconf 92' lang='lat' dir='ltr'><strong>non</strong></span> <span class='ocrx_word' id='word_1_105' title='bbox 890 1910 1050 1974; x_wconf 86' lang='lat' dir='ltr'><strong>novatam</strong></span> <span class='ocrx_word' id='word_1_106' title='bbox 1073 1906 1132 1973; x_wconf 86' lang='lat' dir='ltr'><strong>sed</strong></span> <span class='ocrx_word' id='word_1_107' title='bbox 1156 1928 1174 1974; x_wconf 91' lang='lat' dir='ltr'><strong>e</strong></span> <span class='ocrx_word' id='word_1_108' title='bbox 1195 1928 1252 1974; x_wconf 91' lang='lat' dir='ltr'><strong>ve-</strong></span> 
     </span>
     <span class='ocr_line' id='line_1_15' title="bbox 167 2022 1253 2112; baseline -0.003 -20"><span class='ocrx_word' id='word_1_109' title='bbox 167 2031 244 2092; x_wconf 89' lang='lat' dir='ltr'><strong>tere</strong></span> <span class='ocrx_word' id='word_1_110' title='bbox 266 2023 410 2112; x_wconf 87' lang='lat' dir='ltr'><strong>quodam</strong></span> <span class='ocrx_word' id='word_1_111' title='bbox 431 2026 534 2111; x_wconf 86' lang='lat' dir='ltr'><strong>poeta</strong></span> <span class='ocrx_word' id='word_1_112' title='bbox 557 2027 725 2111; x_wconf 83' lang='lat' dir='ltr'><strong>sumptam</strong></span> <span class='ocrx_word' id='word_1_113' title='bbox 747 2045 822 2091; x_wconf 88' lang='lat' dir='ltr'><strong>esse</strong></span> <span class='ocrx_word' id='word_1_114' title='bbox 837 2022 1045 2107; x_wconf 81' lang='lat' dir='ltr'><strong>crediderim,</strong></span> <span class='ocrx_word' id='word_1_115' title='bbox 1067 2044 1154 2111; x_wconf 91' lang='lat' dir='ltr'><strong>quae</strong></span> <span class='ocrx_word' id='word_1_116' title='bbox 1176 2026 1253 2090; x_wconf 86' lang='lat' dir='ltr'><strong>tan-</strong></span> 
     </span>
     <span class='ocr_line' id='line_1_16' title="bbox 167 2139 1254 2231; baseline -0.001 -22"><span class='ocrx_word' id='word_1_117' title='bbox 167 2147 287 2228; x_wconf 89' lang='lat' dir='ltr'><strong>topere</strong></span> <span class='ocrx_word' id='word_1_118' title='bbox 310 2140 529 2231; x_wconf 83' lang='lat' dir='ltr'><strong>antiquitatis</strong></span> <span class='ocrx_word' id='word_1_119' title='bbox 546 2139 694 2229; x_wconf 84' lang='lat' dir='ltr'><strong>effigiem</strong></span> <span class='ocrx_word' id='word_1_120' title='bbox 707 2162 791 2229; x_wconf 91' lang='lat' dir='ltr'><strong>prae</strong></span> <span class='ocrx_word' id='word_1_121' title='bbox 807 2163 843 2208; x_wconf 86' lang='lat' dir='ltr'><strong>se</strong></span> <span class='ocrx_word' id='word_1_122' title='bbox 858 2141 960 2208; x_wconf 87' lang='lat' dir='ltr'><strong>ferat.</strong></span> <span class='ocrx_word' id='word_1_123' title='bbox 1007 2140 1107 2208; x_wconf 80' lang='lat' dir='ltr'><strong>Cuius</strong></span> <span class='ocrx_word' id='word_1_124' title='bbox 1123 2140 1254 2208; x_wconf 85' lang='lat' dir='ltr'><strong>formae</strong></span> 
     </span>
     <span class='ocr_line' id='line_1_17' title="bbox 165 2253 1253 2343; baseline -0.001 -18"><span class='ocrx_word' id='word_1_125' title='bbox 165 2257 294 2325; x_wconf 89' lang='lat' dir='ltr'><strong>similes</strong></span> <span class='ocrx_word' id='word_1_126' title='bbox 317 2261 396 2326; x_wconf 90' lang='lat' dir='ltr'><strong>sunt</strong></span> <span class='ocrx_word' id='word_1_127' title='bbox 417 2258 615 2326; x_wconf 84' lang='lat' dir='ltr'><strong>Homericae</strong></span> <span class='ocrx_word' id='word_1_128' title='bbox 636 2260 796 2343; x_wconf 72' lang='grc' dir='ltr'><strong><em>τεθνηὼς,</em></strong></span> <span class='ocrx_word' id='word_1_129' title='bbox 820 2265 1006 2343; x_wconf 78' lang='grc' dir='ltr'><strong><em>τεθνηῶτες</em></strong></span> <span class='ocrx_word' id='word_1_130' title='bbox 1028 2260 1064 2324; x_wconf 88' lang='lat' dir='ltr'><strong>et</strong></span> <span class='ocrx_word' id='word_1_131' title='bbox 1086 2253 1253 2324; x_wconf 90' lang='lat' dir='ltr'><strong>Hesiodea</strong></span> 
     </span>
     <span class='ocr_line' id='line_1_18' title="bbox 167 2374 1251 2463; baseline -0.002 -21"><span class='ocrx_word' id='word_1_132' title='bbox 167 2374 292 2460; x_wconf 81' lang='grc' dir='ltr'><strong><em>ἑστηώς</em></strong></span> <span class='ocrx_word' id='word_1_133' title='bbox 313 2374 374 2441; x_wconf 75' lang='lat' dir='ltr'><strong>Th.</strong></span> <span class='ocrx_word' id='word_1_134' title='bbox 399 2375 473 2459; x_wconf 83' lang='grc'><strong>519,</strong></span> <span class='ocrx_word' id='word_1_135' title='bbox 498 2396 596 2463; x_wconf 91' lang='lat' dir='ltr'><strong>quam</strong></span> <span class='ocrx_word' id='word_1_136' title='bbox 619 2374 685 2463; x_wconf 89' lang='lat' dir='ltr'><strong>Ap.</strong></span> <span class='ocrx_word' id='word_1_137' title='bbox 709 2375 841 2462; x_wconf 88' lang='lat' dir='ltr'><strong>saepius</strong></span> <span class='ocrx_word' id='word_1_138' title='bbox 863 2374 1017 2442; x_wconf 87' lang='lat' dir='ltr'><strong>imitatus</strong></span> <span class='ocrx_word' id='word_1_139' title='bbox 1041 2377 1103 2458; x_wconf 89' lang='lat' dir='ltr'><strong>est,</strong></span> <span class='ocrx_word' id='word_1_140' title='bbox 1127 2374 1174 2458; x_wconf 93' lang='grc' dir='ltr'><strong>Π,</strong></span> <span class='ocrx_word' id='word_1_141' title='bbox 1197 2374 1251 2457; x_wconf 86' lang='grc'><strong>49,</strong></span> 
     </span>
     <span class='ocr_line' id='line_1_19' title="bbox 169 2490 1252 2580; baseline 0.001 -22"><span class='ocrx_word' id='word_1_142' title='bbox 169 2492 249 2578; x_wconf 74' lang='grc'><strong>193,</strong></span> <span class='ocrx_word' id='word_1_143' title='bbox 274 2492 343 2576; x_wconf 89' lang='grc' dir='ltr'><strong>ΙΠ,</strong></span> <span class='ocrx_word' id='word_1_144' title='bbox 361 2492 455 2559; x_wconf 87' lang='lat'>1384.</span> <span class='ocrx_word' id='word_1_145' title='bbox 501 2490 660 2559; x_wconf 84' lang='lat' dir='ltr'><strong>Eiusdem</strong></span> <span class='ocrx_word' id='word_1_146' title='bbox 682 2495 796 2559; x_wconf 87' lang='lat' dir='ltr'><strong>autem</strong></span> <span class='ocrx_word' id='word_1_147' title='bbox 817 2493 913 2561; x_wconf 89' lang='lat' dir='ltr'><strong>verbi</strong></span> <span class='ocrx_word' id='word_1_148' title='bbox 934 2492 1084 2558; x_wconf 77' lang='grc' dir='ltr'><strong><em>στέλλειν</em></strong></span> <span class='ocrx_word' id='word_1_149' title='bbox 1106 2492 1252 2580; x_wconf 84' lang='lat' dir='ltr'><strong>perfecti</strong></span> 
     </span>
     <span class='ocr_line' id='line_1_20' title="bbox 164 2608 1252 2698; baseline 0 -22"><span class='ocrx_word' id='word_1_150' title='bbox 164 2609 295 2676; x_wconf 84' lang='lat' dir='ltr'><strong>usitato</strong></span> <span class='ocrx_word' id='word_1_151' title='bbox 318 2631 412 2676; x_wconf 91' lang='lat' dir='ltr'><strong>more</strong></span> <span class='ocrx_word' id='word_1_152' title='bbox 435 2608 584 2678; x_wconf 88' lang='lat' dir='ltr'><strong>derivati</strong></span> <span class='ocrx_word' id='word_1_153' title='bbox 605 2608 749 2676; x_wconf 84' lang='lat' dir='ltr'><strong>formam</strong></span> <span class='ocrx_word' id='word_1_154' title='bbox 771 2611 913 2698; x_wconf 88' lang='lat' dir='ltr'><strong>praebet</strong></span> <span class='ocrx_word' id='word_1_155' title='bbox 934 2608 1000 2697; x_wconf 88' lang='lat' dir='ltr'><strong>Ap.</strong></span> <span class='ocrx_word' id='word_1_156' title='bbox 1016 2608 1064 2691; x_wconf 90' lang='lat' dir='ltr'><strong>H,</strong></span> <span class='ocrx_word' id='word_1_157' title='bbox 1077 2608 1140 2676; x_wconf 82' lang='lat'><strong>201</strong></span> <span class='ocrx_word' id='word_1_158' title='bbox 1164 2613 1252 2696; x_wconf 79' lang='grc' dir='ltr'><strong><em>πίνῳ</em></strong></span> 
     </span>
     <span class='ocr_line' id='line_1_21' title="bbox 165 2725 1251 2816; baseline 0.002 -24"><span class='ocrx_word' id='word_1_159' title='bbox 165 2726 202 2792; x_wconf 87' lang='grc' dir='ltr'><strong>τί</strong></span> <span class='ocrx_word' id='word_1_160' title='bbox 230 2727 264 2792; x_wconf 92' lang='grc' dir='ltr'><strong>οί</strong></span> <span class='ocrx_word' id='word_1_161' title='bbox 291 2725 471 2804; x_wconf 83' lang='grc' dir='ltr'><strong><em>αὐσταλέος</em></strong></span> <span class='ocrx_word' id='word_1_162' title='bbox 501 2730 588 2814; x_wconf 84' lang='grc' dir='ltr'><strong><em>χρὼς</em></strong></span> <span class='ocrx_word' id='word_1_163' title='bbox 619 2726 781 2812; x_wconf 76' lang='grc' dir='ltr'><strong><em>ἐσκλήκει,</em></strong></span> <span class='ocrx_word' id='word_1_164' title='bbox 812 2749 879 2816; x_wconf 88' lang='lat' dir='ltr'><strong>qua</strong></span> <span class='ocrx_word' id='word_1_165' title='bbox 910 2752 984 2795; x_wconf 92' lang='lat' dir='ltr'><strong>cum</strong></span> <span class='ocrx_word' id='word_1_166' title='bbox 1014 2725 1251 2795; x_wconf 84' lang='lat' dir='ltr'><strong>conferendum</strong></span> 
     </span>
     <span class='ocr_line' id='line_1_22' title="bbox 166 2843 1251 2934; baseline 0.003 -24"><span class='ocrx_word' id='word_1_167' title='bbox 166 2848 219 2912; x_wconf 83' lang='lat' dir='ltr'><strong>est</strong></span> <span class='ocrx_word' id='word_1_168' title='bbox 242 2844 360 2912; x_wconf 81' lang='lat' dir='ltr'><strong>Choer.</strong></span> <span class='ocrx_word' id='word_1_169' title='bbox 382 2844 426 2912; x_wconf 84' lang='lat' dir='ltr'><strong>fr.</strong></span> <span class='ocrx_word' id='word_1_170' title='bbox 441 2845 507 2911; x_wconf 91' lang='lat' dir='ltr'><strong>4K</strong></span> <span class='ocrx_word' id='word_1_171' title='bbox 530 2844 711 2930; x_wconf 86' lang='grc' dir='ltr'><strong><em>έσκληκότα</em></strong></span> <span class='ocrx_word' id='word_1_172' title='bbox 731 2845 846 2932; x_wconf 81' lang='grc' dir='ltr'><strong><em>κάκνῳ</em></strong></span> <span class='ocrx_word' id='word_1_173' title='bbox 869 2845 994 2934; x_wconf 70' lang='lat' dir='ltr'><strong>(tauma</strong></span> <span class='ocrx_word' id='word_1_174' title='bbox 1015 2843 1191 2933; x_wconf 76' lang='grc' dir='ltr'><strong><em>πρόσωπα)</em></strong></span> <span class='ocrx_word' id='word_1_175' title='bbox 1215 2848 1251 2913; x_wconf 79' lang='lat' dir='ltr'><strong>et</strong></span> 
     </span>
     <span class='ocr_line' id='line_1_23' title="bbox 164 2959 751 3049; baseline 0.003 -22"><span class='ocrx_word' id='word_1_176' title='bbox 164 2961 324 3049; x_wconf 89' lang='lat' dir='ltr'><strong>Hippocr.</strong></span> <span class='ocrx_word' id='word_1_177' title='bbox 347 2961 378 3046; x_wconf 88' lang='lat'><strong>6,</strong></span> <span class='ocrx_word' id='word_1_178' title='bbox 396 2960 509 3027; x_wconf 64' lang='lat'><strong>1961..</strong></span> <span class='ocrx_word' id='word_1_179' title='bbox 534 2959 751 3048; x_wconf 81' lang='grc' dir='ltr'><strong><em>(ένέσκληκα).</em></strong></span> 
     </span>
    </p>

    <p class='ocr_par' dir='ltr' id='par_1_5' title="bbox 164 3077 1251 3633">
     <span class='ocr_line' id='line_1_24' title="bbox 252 3077 1251 3169; baseline 0.003 -26"><span class='ocrx_word' id='word_1_180' title='bbox 252 3077 325 3144; x_wconf 84' lang='lat' dir='ltr'><strong>iam</strong></span> <span class='ocrx_word' id='word_1_181' title='bbox 347 3078 562 3167; x_wconf 86' lang='lat' dir='ltr'><strong>pervenimus</strong></span> <span class='ocrx_word' id='word_1_182' title='bbox 586 3078 630 3146; x_wconf 87' lang='lat' dir='ltr'><strong>ad</strong></span> <span class='ocrx_word' id='word_1_183' title='bbox 653 3100 709 3146; x_wconf 91' lang='lat' dir='ltr'><strong>eas</strong></span> <span class='ocrx_word' id='word_1_184' title='bbox 732 3078 871 3165; x_wconf 83' lang='lat' dir='ltr'><strong>formas,</strong></span> <span class='ocrx_word' id='word_1_185' title='bbox 902 3101 984 3168; x_wconf 90' lang='lat' dir='ltr'><strong>quas</strong></span> <span class='ocrx_word' id='word_1_186' title='bbox 1006 3078 1073 3169; x_wconf 89' lang='lat' dir='ltr'><strong>Ap.</strong></span> <span class='ocrx_word' id='word_1_187' title='bbox 1096 3079 1251 3146; x_wconf 89' lang='lat' dir='ltr'><strong>Homeri·</strong></span> 
     </span>
     <span class='ocr_line' id='line_1_25' title="bbox 165 3195 1250 3291; baseline 0.002 -29"><span class='ocrx_word' id='word_1_188' title='bbox 165 3218 238 3262; x_wconf 90' lang='lat' dir='ltr'><strong>cum</strong></span> <span class='ocrx_word' id='word_1_189' title='bbox 261 3195 459 3291; x_wconf 49' lang='lat' dir='ltr'><strong>exemplum,</strong></span> <span class='ocrx_word' id='word_1_190' title='bbox 478 3199 611 3263; x_wconf 84' lang='lat' dir='ltr'><strong>secutus</strong></span> <span class='ocrx_word' id='word_1_191' title='bbox 644 3196 800 3280; x_wconf 90' lang='lat' dir='ltr'><strong>mutavit,</strong></span> <span class='ocrx_word' id='word_1_192' title='bbox 834 3196 913 3283; x_wconf 92' lang='lat' dir='ltr'><strong>quia</strong></span> <span class='ocrx_word' id='word_1_193' title='bbox 944 3195 1092 3264; x_wconf 87' lang='lat' dir='ltr'><strong>usitatus</strong></span> <span class='ocrx_word' id='word_1_194' title='bbox 1114 3197 1250 3265; x_wconf 82' lang='lat' dir='ltr'><strong>iilarum</strong></span> 
     </span>
     <span class='ocr_line' id='line_1_26' title="bbox 164 3312 1249 3400; baseline 0.004 -22"><span class='ocrx_word' id='word_1_195' title='bbox 164 3334 244 3380; x_wconf 88' lang='lat' dir='ltr'><strong>usus</strong></span> <span class='ocrx_word' id='word_1_196' title='bbox 268 3316 310 3381; x_wconf 89' lang='lat' dir='ltr'><strong>ab</strong></span> <span class='ocrx_word' id='word_1_197' title='bbox 335 3313 429 3400; x_wconf 89' lang='lat' dir='ltr'><strong>epica</strong></span> <span class='ocrx_word' id='word_1_198' title='bbox 452 3312 640 3381; x_wconf 90' lang='lat' dir='ltr'><strong>elocutione</strong></span> <span class='ocrx_word' id='word_1_199' title='bbox 663 3312 847 3380; x_wconf 88' lang='lat' dir='ltr'><strong>abhorrere</strong></span> <span class='ocrx_word' id='word_1_200' title='bbox 869 3313 901 3381; x_wconf 89' lang='lat' dir='ltr'><strong>ei</strong></span> <span class='ocrx_word' id='word_1_201' title='bbox 922 3312 1111 3381; x_wconf 87' lang='lat' dir='ltr'><strong>videbatur.</strong></span> <span class='ocrx_word' id='word_1_202' title='bbox 1157 3313 1249 3397; x_wconf 80' lang='lat' dir='ltr'><strong>Quas</strong></span> 
     </span>
     <span class='ocr_line' id='line_1_27' title="bbox 164 3428 1251 3516; baseline 0.002 -20"><span class='ocrx_word' id='word_1_203' title='bbox 164 3451 238 3496; x_wconf 90' lang='lat' dir='ltr'><strong>cum</strong></span> <span class='ocrx_word' id='word_1_204' title='bbox 269 3428 474 3516; x_wconf 68' lang='lat' dir='ltr'><strong>Itzachiusl)</strong></span> <span class='ocrx_word' id='word_1_205' title='bbox 507 3432 663 3497; x_wconf 90' lang='lat' dir='ltr'><strong>accurate</strong></span> <span class='ocrx_word' id='word_1_206' title='bbox 693 3430 910 3512; x_wconf 86' lang='lat' dir='ltr'><strong>tractaverit,</strong></span> <span class='ocrx_word' id='word_1_207' title='bbox 942 3433 1057 3498; x_wconf 89' lang='lat' dir='ltr'><strong>tamen</strong></span> <span class='ocrx_word' id='word_1_208' title='bbox 1087 3430 1251 3498; x_wconf 84' lang='lat' dir='ltr'><strong>nonnulla</strong></span> 
     </span>
     <span class='ocr_line' id='line_1_28' title="bbox 165 3545 1247 3633; baseline 0.002 -20"><span class='ocrx_word' id='word_1_209' title='bbox 165 3549 245 3614; x_wconf 87' lang='lat' dir='ltr'><strong>sunt</strong></span> <span class='ocrx_word' id='word_1_210' title='bbox 276 3545 438 3613; x_wconf 85' lang='lat' dir='ltr'><strong>addenda.</strong></span> <span class='ocrx_word' id='word_1_211' title='bbox 484 3547 670 3614; x_wconf 90' lang='lat' dir='ltr'><strong>Verborum</strong></span> <span class='ocrx_word' id='word_1_212' title='bbox 704 3546 825 3628; x_wconf 80' lang='grc' dir='ltr'><strong><em>ἀτίζειν</em></strong></span> <span class='ocrx_word' id='word_1_213' title='bbox 856 3549 892 3614; x_wconf 90' lang='lat' dir='ltr'><strong>et</strong></span> <span class='ocrx_word' id='word_1_214' title='bbox 921 3552 1092 3633; x_wconf 79' lang='grc' dir='ltr'><strong><em>νοσφίζειν</em></strong></span> <span class='ocrx_word' id='word_1_215' title='bbox 1122 3546 1247 3615; x_wconf 85' lang='lat' dir='ltr'><strong>formas</strong></span> 
     </span>
    </p>
   </div>
   <div class='ocr_carea' id='block_1_3' title="bbox 162 3661 1248 3983">
    <p class='ocr_par' dir='ltr' id='par_1_6' title="bbox 162 3661 1248 3983">
     <span class='ocr_line' id='line_1_29' title="bbox 163 3661 1245 3752; baseline 0.002 -24"><span class='ocrx_word' id='word_1_216' title='bbox 163 3685 237 3729; x_wconf 90' lang='lat' dir='ltr'><strong>cum</strong></span> <span class='ocrx_word' id='word_1_217' title='bbox 253 3680 273 3728; x_wconf 95' lang='grc' dir='ltr'><strong><em>σ</em></strong></span> <span class='ocrx_word' id='word_1_218' title='bbox 288 3662 436 3731; x_wconf 84' lang='lat' dir='ltr'><strong>usitatas</strong></span> <span class='ocrx_word' id='word_1_219' title='bbox 452 3661 518 3752; x_wconf 90' lang='lat' dir='ltr'><strong>Ap.</strong></span> <span class='ocrx_word' id='word_1_220' title='bbox 533 3680 575 3729; x_wconf 92' lang='grc' dir='ltr'><strong>σσ</strong></span> <span class='ocrx_word' id='word_1_221' title='bbox 586 3663 769 3730; x_wconf 86' lang='lat' dir='ltr'><strong>instruxit:</strong></span> <span class='ocrx_word' id='word_1_222' title='bbox 792 3663 918 3730; x_wconf 84' lang='grc' dir='ltr'><strong><em>ἀτίσσει</em></strong></span> <span class='ocrx_word' id='word_1_223' title='bbox 933 3663 1000 3747; x_wconf 88' lang='grc' dir='ltr'><strong>ΙΙΙ,</strong></span> <span class='ocrx_word' id='word_1_224' title='bbox 1018 3663 1099 3749; x_wconf 78' lang='lat'><strong>1813</strong></span> <span class='ocrx_word' id='word_1_225' title='bbox 1123 3664 1151 3749; x_wconf 89' lang='lat' dir='ltr'><strong>I,</strong></span> <span class='ocrx_word' id='word_1_226' title='bbox 1165 3664 1229 3730; x_wconf 83' lang='lat'><strong>615</strong></span> <span class='ocrx_word' id='word_1_227' title='bbox 1238 3689 1245 3749; x_wconf 90' lang='lat'>;</span> 
     </span>
     <span class='ocr_line' id='line_1_30' title="bbox 164 3779 1247 3865; baseline 0.001 -20"><span class='ocrx_word' id='word_1_228' title='bbox 164 3782 390 3865; x_wconf 86' lang='grc' dir='ltr'><strong><em>νοσφίσσομαι</em></strong></span> <span class='ocrx_word' id='word_1_229' title='bbox 406 3779 468 3863; x_wconf 89' lang='lat' dir='ltr'><strong>IV,</strong></span> <span class='ocrx_word' id='word_1_230' title='bbox 487 3780 560 3863; x_wconf 89' lang='lat'>181,</span> <span class='ocrx_word' id='word_1_231' title='bbox 577 3780 673 3846; x_wconf 89' lang='lat'>1108.</span> <span class='ocrx_word' id='word_1_232' title='bbox 718 3779 846 3848; x_wconf 83' lang='lat' dir='ltr'><strong>Eodem</strong></span> <span class='ocrx_word' id='word_1_233' title='bbox 861 3783 975 3848; x_wconf 87' lang='lat' dir='ltr'><strong>autem</strong></span> <span class='ocrx_word' id='word_1_234' title='bbox 989 3779 1087 3847; x_wconf 92' lang='lat' dir='ltr'><strong>modo</strong></span> <span class='ocrx_word' id='word_1_235' title='bbox 1107 3780 1247 3862; x_wconf 86' lang='grc' dir='ltr'><strong><em>ἀρόσσαι</em></strong></span> 
     </span>
     <span class='ocr_line' id='line_1_31' title="bbox 162 3895 1248 3983; baseline 0.002 -22"><span class='ocrx_word' id='word_1_236' title='bbox 162 3896 230 3978; x_wconf 93' lang='grc' dir='ltr'><strong>ΠΙ,</strong></span> <span class='ocrx_word' id='word_1_237' title='bbox 252 3897 327 3980; x_wconf 83' lang='grc'><strong>497,</strong></span> <span class='ocrx_word' id='word_1_238' title='bbox 351 3896 497 3983; x_wconf 87' lang='grc' dir='ltr'><strong><em>ἀρόσσης</em></strong></span> <span class='ocrx_word' id='word_1_239' title='bbox 518 3895 688 3981; x_wconf 79' lang='lat'>111‚1053</span> <span class='ocrx_word' id='word_1_240' title='bbox 711 3899 831 3965; x_wconf 87' lang='lat' dir='ltr'><strong>contra</strong></span> <span class='ocrx_word' id='word_1_241' title='bbox 847 3895 987 3964; x_wconf 89' lang='lat' dir='ltr'><strong>Hesiodi</strong></span> <span class='ocrx_word' id='word_1_242' title='bbox 1008 3895 1248 3965; x_wconf 86' lang='lat' dir='ltr'><strong>auctoritatem</strong></span> 
     </span>
    </p>
   </div>
   <div class='ocr_carea' id='block_1_4' title="bbox 253 4152 1246 4224">
    <p class='ocr_par' dir='ltr' id='par_1_7' title="bbox 253 4152 1246 4224">
     <span class='ocr_line' id='line_1_32' title="bbox 253 4152 1246 4224; baseline 0.002 -17"><span class='ocrx_word' id='word_1_243' title='bbox 253 4157 280 4224; x_wconf 92' lang='lat' dir='ltr'><strong>l)</strong></span> <span class='ocrx_word' id='word_1_244' title='bbox 299 4155 332 4207; x_wconf 84' lang='lat' dir='ltr'><strong>A.</strong></span> <span class='ocrx_word' id='word_1_245' title='bbox 351 4152 459 4210; x_wconf 82' lang='lat' dir='ltr'><strong>Rzaoh:</strong></span> <span class='ocrx_word' id='word_1_246' title='bbox 488 4153 704 4210; x_wconf 79' lang='lat' dir='ltr'><strong>Grammatischa</strong></span> <span class='ocrx_word' id='word_1_247' title='bbox 732 4153 845 4210; x_wconf 89' lang='lat' dir='ltr'><strong>Studien</strong></span> <span class='ocrx_word' id='word_1_248' title='bbox 872 4171 906 4209; x_wconf 86' lang='lat' dir='ltr'><strong>zu</strong></span> <span class='ocrx_word' id='word_1_249' title='bbox 925 4157 977 4224; x_wconf 85' lang='lat' dir='ltr'><strong>Ap.</strong></span> <span class='ocrx_word' id='word_1_250' title='bbox 996 4154 1048 4209; x_wconf 83' lang='lat' dir='ltr'><strong>Rh.</strong></span> <span class='ocrx_word' id='word_1_251' title='bbox 1071 4154 1149 4210; x_wconf 88' lang='lat' dir='ltr'><strong>Wicn</strong></span> <span class='ocrx_word' id='word_1_252' title='bbox 1169 4156 1246 4210; x_wconf 83' lang='lat'>1878.</span> 
     </span>
    </p>
   </div>
   <div class='ocr_carea' id='block_1_5' title="bbox 0 0 1426 4942">
    <p class='ocr_par' dir='ltr' id='par_1_8' title="bbox 0 0 1426 4942">
     <span class='ocr_line' id='line_1_33' title="bbox 0 0 1426 4942; baseline 0 1"><span class='ocrx_word' id='word_1_253' title='bbox 0 0 1426 4942; x_wconf 95' lang='lat' dir='ltr'><strong> </strong></span> 
     </span>
    </p>
   </div>
  </div>
 </body>
</html>
