2842 4942
681 313 725 380 32

163 512 201 556 νε
223 487 456 575 τανυσσαμένη
477 499 589 575 κοῦφα
611 489 729 576 στερεὴ
750 510 811 576 per
833 487 985 576 ellipsem
1006 509 1126 556 vonum
1147 486 1245 573 τέλη4

159 629 227 691 νος,
250 605 341 686 ὁδόν,
364 607 493 690 κύματα
514 604 747 693 inteUegenda
769 607 858 672 sunt

243 722 395 791 Verbum
408 724 516 791 αὐδᾶν
529 725 572 791 ab
581 721 765 810 Apollonio
779 721 966 790 transitive
982 723 1157 810 aoeeptum
1172 741 1245 789 esse

159 837 227 906 iam
248 862 353 928 supra
375 841 670 908 commemoratum
687 842 757 921 est3
781 839 898 907 eodem
919 837 1017 906 modo
1032 839 1136 905 verba
1151 834 1246 926 epioe

158 954 336 1023 κέκλεσδαι
350 956 426 1042 (IV,
436 956 509 1041 236,
522 957 631 1039 1717),
649 958 772 1023 κλείειν
786 956 977 1041 έτιικλείειν,
995 953 1137 1040 ἐνέπειν,
1154 955 1246 1020 ἴσκεν

159 1072 234 1158 (IV,
246 1072 332 1140 1718
350 1073 494 1160 Ἀνάφην
517 1073 556 1140 δέ
576 1097 611 1139 τε
633 1073 774 1139 λισσάδα
797 1082 904 1158 νῆσον
925 1073 1033 1159 ἴσκον)
1057 1071 1149 1139 omni
1171 1093 1246 1140 ver·

158 1189 277 1256 borum
300 1188 440 1274 dicendi,
478 1189 673 1279 appellandi
695 1190 731 1258 vi
752 1189 929 1259 instruxit.
974 1189 1049 1273 Quo
1085 1188 1192 1257 etiam
1214 1211 1246 1257 v.

160 1317 288 1391 φωνεῖν
303 1305 516 1374 referendum
538 1309 608 1375 est:
632 1305 773 1391 111,673
797 1307 842 1384 ὡς
857 1305 886 1372 δ’
904 1308 954 1373 ῖδε
978 1306 1144 1392 δάκρυσιν
1167 1307 1247 1372 ὄσσε

160 1423 356 1509 πεφυρμένα
388 1423 545 1509 φώνησέν
567 1449 635 1508 μιν.
683 1422 782 1506 Quod
803 1426 945 1491 verbum
967 1426 1048 1492 ante
1070 1421 1249 1511 Apollonii

160 1542 315 1629 tempora
337 1539 424 1607 hane
445 1540 514 1608 vim
534 1539 669 1608 minime
692 1539 870 1626 habuerat,
893 1561 1093 1629 quamquam
1116 1561 1249 1627 semper

161 1656 372 1731 aecusativus
388 1657 598 1746 appositivas
615 1656 672 1746 qui
688 1656 813 1724 dicitur
836 1655 915 1725 addi
937 1659 1083 1745 poterat.
1129 1656 1249 1744 Neque

162 1773 250 1842 enim
273 1773 373 1862 Soph.
393 1772 450 1840 Αἰ.
468 1774 508 1840 73
531 1780 660 1840 Alorco
689 1785 792 1861 φωνῶ
822 1796 931 1862 neque
954 1772 1055 1862 Soph.
1078 1771 1168 1839 Phil.
1185 1771 1250 1838 229

162 1891 231 1959 ἄλλ’
257 1892 460 1969 οἰκτίσαντες
481 1893 588 1977 ἄνδρα
608 1892 774 1976 δύστηνον
788 1894 894 1976 μόνον
914 1929 956 1940 -
971 1889 1137 1977 φωνήσαά
1158 1890 1250 1975 εἴπερ

162 2009 208 2086 ώς
230 2011 324 2093 φίλοι
345 2011 523 2093 προςήκετε
546 2009 686 2075 verbum
709 2020 836 2094 φωνεῖν
858 2007 952 2075 illam
974 2005 1170 2096 alloquendi
1190 2029 1251 2075 no·

162 2123 290 2193 tionem
323 2123 472 2212 habet1).
496 2170 499 2175 -
525 2125 578 2193 At
607 2125 642 2192 in
665 2125 709 2192 N.
733 2125 772 2192 Τ.
795 2124 984 2194 invenimus
1016 2123 1104 2193 talia
1124 2123 1250 2192 Matth.

162 2241 216 2326 20,
240 2241 299 2309 32:
332 2240 387 2308 uui
412 2243 490 2319 στάς
512 2242 529 2308 ὁ
554 2241 680 2327 Ἰησοῦς
712 2242 887 2328 ἐφώνησεν
917 2241 1039 2319 αὐτοὺς
1060 2239 1115 2307 καὶ
1139 2236 1250 2325 stass,

163 2357 208 2426 of.
232 2359 336 2427 Maro.
361 2360 391 2441 4,
416 2358 474 2444 353
510 2359 590 2426 Luc.
616 2358 666 2442 16,
691 2359 729 2445 2;
760 2357 977 2444 Joh.4,16;
1011 2356 1168 2443 Joh,13,
1194 2357 1253 2424 13:

163 2477 259 2560 ὑμεῖς
288 2474 432 2563 φωνεῖτέ
452 2495 507 2559 με·
532 2475 550 2542 ὁ
574 2476 792 2562 διδάσκαλος;
825 2481 860 2544 et
883 2475 1007 2564 Aesop.
1031 2474 1099 2543 fab.
1124 2473 1191 2561 (ed.
1217 2473 1255 2541 Τ.

165 2615 197 2680 p.
221 2591 278 2679 43)
299 2591 460 2680 legimus:
485 2594 646 2678 φώνησον
669 2594 727 2660 τὸν
750 2594 1011 2680 παραμονάριον,
1033 2591 1174 2660 notione
1196 2590 1256 2659 ad·

164 2708 317 2777 vocandi.
364 2707 431 2792 Qui
445 2708 543 2777 verbi
566 2731 645 2776 usus
661 2708 844 2798 Apollonio
866 2709 957 2778 haud
978 2709 1126 2777 insolens
1149 2709 1258 2776 fuisse

164 2825 313 2909 videtur,
353 2824 432 2913 quia
462 2838 676 2912 μεταφωνεῖν
708 2826 748 2911 (I,
773 2827 837 2893 702
866 2827 1013 2913 Ἰφινόην
1044 2826 1258 2912 μετεφώνεεν

165 2937 271 3009 ἆσσον
287 2939 422 3027 ἐοῦσαν)
445 2943 587 3008 verbum
603 2965 694 3011 mere
710 2943 839 3031 epicum
860 2965 968 3031 neque
991 2941 1094 3010 aiiter
1118 2964 1160 3010 ao
1183 2964 1259 3010 eum

165 3058 234 3126 dat.
252 3057 340 3146 plur.
356 3079 513 3145 umquam
529 3061 571 3126 ab
588 3059 735 3127 Homero
751 3063 951 3148 usurpatum
972 3081 1034 3154 per
1060 3059 1260 3126 abusionem

164 3196 258 3242 more
280 3174 376 3242 verbi
405 3187 533 3260 φωνεῖν
567 3176 722 3244 adhibuit
732 3176 766 3263 ²).
811 3177 877 3244 Hie
907 3176 1035 3244 factum
1066 3178 1131 3259 est,
1166 3175 1261 3265 quod

165 3313 265 3380 saepe
277 3291 404 3359 factum
417 3316 490 3361 esse
501 3293 816 3364 animadvertimus:
833 3316 854 3361 a
866 3293 1113 3362 recentioribus
1126 3293 1260 3381 epicam

166 3430 280 3476 vocem
293 3409 347 3476 vel
368 3412 573 3477 structuram
585 3433 658 3478 oum
669 3409 817 3478 formula
827 3409 970 3499 quadam
982 3408 1143 3498 loquendi
1153 3408 1261 3497 plane

165 3523 302 3612 vulgari
316 3526 456 3595 mixtam
472 3549 555 3596 esse.
587 3525 643 3595 sie
657 3527 747 3615 apud
758 3526 977 3614 Apollonium
990 3526 1039 3610 H,
1055 3525 1121 3592 449
1138 3528 1261 3594 αὐτίκα

166 3640 196 3707 δ’
221 3640 261 3707 οὐ
284 3644 364 3727 μετά
380 3647 484 3729 δηρὸν
500 3643 730 3729 ἀμειβομένων
746 3642 902 3728 ἐφαάνθη
920 3657 925 3722 Ι
943 3643 1117 3729 Ἠριγενής
1133 3645 1172 3710 et
1189 3643 1261 3728 ΠΙ,

167 3757 231 3824 956
263 3759 366 3845 αὐτὰρ
391 3761 408 3825 ὅ
433 3761 459 3845 γ’
487 3760 527 3826 οὐ
558 3761 639 3844 μετά
669 3760 774 3844 δηρὸν
806 3757 985 3845 ἐελδομένῃ
1014 3757 1185 3846 ἐφαάνθη,
1219 3761 1263 3828 οὐ

258 3941 285 4012 1)
304 3939 353 3995 Sin
379 3946 478 4010 autem,
505 3939 655 4010 Sophocles
683 3956 743 3995 oum
769 3938 862 3995 dativo
892 3938 1035 4008 construit,
1060 3944 1092 3994 ut
1110 3939 1186 3997 Phil.
1208 3944 1263 3999 543

171 4038 285 4110 έρτιοντι
303 4047 415 4113 φωνεῖς.

256 4145 284 4214 2)
306 4143 411 4199 Eadem
435 4143 544 4199 ratione
569 4141 739 4213 praepositio
764 4159 845 4211 μετα·
864 4141 990 4210 negleota
1007 4139 1118 4198 videtur
1142 4158 1208 4202 esse
1227 4145 1265 4216 II,

171 4246 206 4301 54
224 4243 313 4313 αὐτὰρ
334 4243 349 4301 δ
373 4241 448 4316 τόνγ’
460 4239 594 4300 έιιέεοοιν
612 4239 810 4312 ὑπερφιάλοισι
826 4240 960 4312 μετηύδα.
