<?xml version="1.0" encoding="UTF-8"?>
<!DOCTYPE html PUBLIC "-//W3C//DTD XHTML 1.0 Transitional//EN"
    "http://www.w3.org/TR/xhtml1/DTD/xhtml1-transitional.dtd">
<html xmlns="http://www.w3.org/1999/xhtml" xml:lang="en" lang="en">
 <head>
  <title>
</title>
<meta http-equiv="Content-Type" content="text/html;charset=utf-8" />
  <meta name='ocr-system' content='tesseract 3.04.00' />
  <meta name='ocr-capabilities' content='ocr_page ocr_carea ocr_par ocr_line ocrx_word'/>
</head>
<body>
  <div class='ocr_page' id='page_1' title='image "./deapolloniirhod00boesgoog_0008.png"; bbox 0 0 2842 4942; ppageno 0'>
   <div class='ocr_carea' id='block_1_1' title="bbox 628 381 650 448">
    <p class='ocr_par' dir='ltr' id='par_1_1' title="bbox 628 381 650 448">
     <span class='ocr_line' id='line_1_1' title="bbox 628 381 650 448; baseline 0 0"><span class='ocrx_word' id='word_1_1' title='bbox 628 381 650 448; x_wconf 80' lang='lat'><strong>3</strong></span> 
     </span>
    </p>
   </div>
   <div class='ocr_carea' id='block_1_2' title="bbox 94 551 1250 3447">
    <p class='ocr_par' dir='ltr' id='par_1_2' title="bbox 95 551 1184 1579">
     <span class='ocr_line' id='line_1_2' title="bbox 105 551 1182 645; baseline 0.004 -22"><span class='ocrx_word' id='word_1_2' title='bbox 105 573 110 585; x_wconf 84' lang='lat'><strong>·</strong></span> <span class='ocrx_word' id='word_1_3' title='bbox 184 554 360 644; x_wconf 76' lang='grc' dir='ltr'><strong><em>ὑποφήτης</em></strong></span> <span class='ocrx_word' id='word_1_4' title='bbox 371 558 493 638; x_wconf 87' lang='lat' dir='ltr'>autem,</span> <span class='ocrx_word' id='word_1_5' title='bbox 510 555 576 645; x_wconf 72' lang='lat' dir='ltr'><strong>Ap&#39;.</strong></span> <span class='ocrx_word' id='word_1_6' title='bbox 590 555 618 640; x_wconf 78' lang='lat'>1,</span> <span class='ocrx_word' id='word_1_7' title='bbox 632 554 727 641; x_wconf 75' lang='lat'>1311,&#39;</span> <span class='ocrx_word' id='word_1_8' title='bbox 745 551 1090 644; x_wconf 56' lang='lat' dir='ltr'>Theocrstaom&#39;ssllo,</span> <span class='ocrx_word' id='word_1_9' title='bbox 1115 557 1182 628; x_wconf 88' lang='lat' dir='ltr'>iam</span> 
     </span>
     <span class='ocr_line' id='line_1_3' title="bbox 97 671 1182 761; baseline 0.005 -23"><span class='ocrx_word' id='word_1_10' title='bbox 97 671 188 760; x_wconf 91' lang='lat' dir='ltr'>apud</span> <span class='ocrx_word' id='word_1_11' title='bbox 210 672 360 741; x_wconf 85' lang='lat' dir='ltr'>Aratum</span> <span class='ocrx_word' id='word_1_12' title='bbox 386 672 422 740; x_wconf 91' lang='lat' dir='ltr'>in</span> <span class='ocrx_word' id='word_1_13' title='bbox 443 672 656 754; x_wconf 69' lang='lat' dir='ltr'>finoversus</span> <span class='ocrx_word' id='word_1_14' title='bbox 686 672 836 761; x_wconf 83' lang='lat' dir='ltr'>legitur;</span> <span class='ocrx_word' id='word_1_15' title='bbox 859 676 974 743; x_wconf 84' lang='lat' dir='ltr'>tamen</span> <span class='ocrx_word' id='word_1_16' title='bbox 996 674 1051 742; x_wconf 88' lang='lat' dir='ltr'>hio</span> <span class='ocrx_word' id='word_1_17' title='bbox 1074 674 1182 744; x_wconf 74' lang='lat' dir='ltr'>Theo-</span> 
     </span>
     <span class='ocr_line' id='line_1_4' title="bbox 95 787 1182 881; baseline 0.004 -24"><span class='ocrx_word' id='word_1_18' title='bbox 95 788 220 857; x_wconf 85' lang='lat' dir='ltr'>critum</span> <span class='ocrx_word' id='word_1_19' title='bbox 248 787 430 878; x_wconf 83' lang='lat' dir='ltr'>Apollonio</span> <span class='ocrx_word' id='word_1_20' title='bbox 461 813 558 858; x_wconf 88' lang='lat' dir='ltr'>usum</span> <span class='ocrx_word' id='word_1_21' title='bbox 581 811 653 859; x_wconf 81' lang='lat' dir='ltr'>esse</span> <span class='ocrx_word' id='word_1_22' title='bbox 676 811 695 858; x_wconf 93' lang='lat' dir='ltr'>e</span> <span class='ocrx_word' id='word_1_23' title='bbox 717 790 960 860; x_wconf 86' lang='lat' dir='ltr'>sententiarum</span> <span class='ocrx_word' id='word_1_24' title='bbox 983 795 1182 881; x_wconf 83' lang='lat' dir='ltr'>argumento</span> 
     </span>
     <span class='ocr_line' id='line_1_5' title="bbox 96 902 1182 976; baseline 0.003 -3"><span class='ocrx_word' id='word_1_25' title='bbox 96 902 318 974; x_wconf 77' lang='lat' dir='ltr'>concluditur.</span> <span class='ocrx_word' id='word_1_26' title='bbox 371 904 481 973; x_wconf 86' lang='lat' dir='ltr'><strong>Simili</strong></span> <span class='ocrx_word' id='word_1_27' title='bbox 512 904 632 973; x_wconf 89' lang='lat' dir='ltr'>deinde</span> <span class='ocrx_word' id='word_1_28' title='bbox 666 905 800 974; x_wconf 90' lang='lat' dir='ltr'>ratione</span> <span class='ocrx_word' id='word_1_29' title='bbox 831 929 849 974; x_wconf 89' lang='grc' dir='ltr'><strong><em>ο</em></strong></span> <span class='ocrx_word' id='word_1_30' title='bbox 880 907 1033 976; x_wconf 81' lang='lat' dir='ltr'>versibus</span> <span class='ocrx_word' id='word_1_31' title='bbox 1064 907 1182 976; x_wconf 85' lang='lat' dir='ltr'>allatis</span> 
     </span>
     <span class='ocr_line' id='line_1_6' title="bbox 95 1020 1184 1111; baseline 0.004 -23"><span class='ocrx_word' id='word_1_32' title='bbox 95 1021 196 1089; x_wconf 90' lang='lat' dir='ltr'>multi</span> <span class='ocrx_word' id='word_1_33' title='bbox 227 1020 401 1110; x_wconf 81' lang='lat' dir='ltr'>segregari</span> <span class='ocrx_word' id='word_1_34' title='bbox 434 1026 586 1110; x_wconf 82' lang='lat' dir='ltr'><strong>possunt.</strong></span> <span class='ocrx_word' id='word_1_35' title='bbox 633 1020 728 1105; x_wconf 76' lang='lat' dir='ltr'>Quae</span> <span class='ocrx_word' id='word_1_36' title='bbox 752 1043 951 1111; x_wconf 86' lang='lat' dir='ltr'>quamquam</span> <span class='ocrx_word' id='word_1_37' title='bbox 975 1023 1086 1090; x_wconf 92' lang='lat' dir='ltr'>omnia</span> <span class='ocrx_word' id='word_1_38' title='bbox 1107 1045 1184 1093; x_wconf 84' lang='lat' dir='ltr'>oon·</span> 
     </span>
     <span class='ocr_line' id='line_1_7' title="bbox 95 1137 1183 1229; baseline 0.003 -23"><span class='ocrx_word' id='word_1_39' title='bbox 95 1159 216 1226; x_wconf 79' lang='lat' dir='ltr'>gerere</span> <span class='ocrx_word' id='word_1_40' title='bbox 239 1137 397 1206; x_wconf 71' lang='lat' dir='ltr'><strong>editionis</strong></span> <span class='ocrx_word' id='word_1_41' title='bbox 418 1137 667 1227; x_wconf 83' lang='lat' dir='ltr'>Apollonianae</span> <span class='ocrx_word' id='word_1_42' title='bbox 690 1140 753 1223; x_wconf 85' lang='lat' dir='ltr'>eat,</span> <span class='ocrx_word' id='word_1_43' title='bbox 777 1139 831 1206; x_wconf 91' lang='lat' dir='ltr'>cui</span> <span class='ocrx_word' id='word_1_44' title='bbox 853 1140 1079 1208; x_wconf 69' lang='lat' dir='ltr'>recentiorum</span> <span class='ocrx_word' id='word_1_45' title='bbox 1101 1163 1183 1229; x_wconf 90' lang='lat' dir='ltr'>quo·</span> 
     </span>
     <span class='ocr_line' id='line_1_8' title="bbox 97 1254 1183 1344; baseline 0.002 -21"><span class='ocrx_word' id='word_1_46' title='bbox 97 1277 161 1344; x_wconf 85' lang='lat' dir='ltr'>que</span> <span class='ocrx_word' id='word_1_47' title='bbox 183 1254 393 1324; x_wconf 85' lang='lat' dir='ltr'>imitationes</span> <span class='ocrx_word' id='word_1_48' title='bbox 416 1254 590 1323; x_wconf 78' lang='lat' dir='ltr'>addendae</span> <span class='ocrx_word' id='word_1_49' title='bbox 614 1255 693 1339; x_wconf 81' lang='lat' dir='ltr'>sint,</span> <span class='ocrx_word' id='word_1_50' title='bbox 727 1257 842 1324; x_wconf 72' lang='lat' dir='ltr'>tamn</span> <span class='ocrx_word' id='word_1_51' title='bbox 872 1256 1036 1324; x_wconf 86' lang='lat' dir='ltr'>nonnulla</span> <span class='ocrx_word' id='word_1_52' title='bbox 1057 1257 1183 1326; x_wconf 80' lang='lat' dir='ltr'>addere</span> 
     </span>
     <span class='ocr_line' id='line_1_9' title="bbox 95 1371 1182 1463; baseline 0.001 -24"><span class='ocrx_word' id='word_1_53' title='bbox 95 1371 173 1439; x_wconf 89' lang='lat' dir='ltr'>huic</span> <span class='ocrx_word' id='word_1_54' title='bbox 187 1371 309 1461; x_wconf 70' lang='lat' dir='ltr'>‘capiti</span> <span class='ocrx_word' id='word_1_55' title='bbox 338 1371 484 1458; x_wconf 80' lang='lat' dir='ltr'>institui,</span> <span class='ocrx_word' id='word_1_56' title='bbox 519 1372 647 1460; x_wconf 86' lang='lat' dir='ltr'>quibus,</span> <span class='ocrx_word' id='word_1_57' title='bbox 680 1375 764 1460; x_wconf 81' lang='lat' dir='ltr'>quot</span> <span class='ocrx_word' id='word_1_58' title='bbox 796 1395 838 1439; x_wconf 87' lang='lat' dir='ltr'>ex</span> <span class='ocrx_word' id='word_1_59' title='bbox 868 1372 978 1462; x_wconf 82' lang='lat' dir='ltr'>poetis</span> <span class='ocrx_word' id='word_1_60' title='bbox 1005 1372 1182 1463; x_wconf 81' lang='lat' dir='ltr'>Apollonii</span> 
     </span>
     <span class='ocr_line' id='line_1_10' title="bbox 96 1488 723 1579; baseline 0 -23"><span class='ocrx_word' id='word_1_61' title='bbox 96 1488 241 1558; x_wconf 86' lang='lat' dir='ltr'>elocutio</span> <span class='ocrx_word' id='word_1_62' title='bbox 264 1489 438 1578; x_wconf 89' lang='lat' dir='ltr'>penderet,</span> <span class='ocrx_word' id='word_1_63' title='bbox 462 1490 723 1579; x_wconf 88' lang='lat' dir='ltr'>perspiceretur.</span> 
     </span>
    </p>

    <p class='ocr_par' dir='ltr' id='par_1_3' title="bbox 94 1604 1250 2394">
     <span class='ocr_line' id='line_1_11' title="bbox 182 1604 1183 1695; baseline 0.001 -22"><span class='ocrx_word' id='word_1_64' title='bbox 182 1604 303 1675; x_wconf 85' lang='lat' dir='ltr'>Iliadis</span> <span class='ocrx_word' id='word_1_65' title='bbox 325 1610 455 1695; x_wconf 82' lang='lat' dir='ltr'>parvae</span> <span class='ocrx_word' id='word_1_66' title='bbox 477 1605 522 1673; x_wconf 84' lang='lat' dir='ltr'>fr.</span> <span class='ocrx_word' id='word_1_67' title='bbox 546 1607 566 1672; x_wconf 83' lang='lat'>6</span> <span class='ocrx_word' id='word_1_68' title='bbox 587 1606 632 1673; x_wconf 89' lang='grc' dir='ltr'>Κ.</span> <span class='ocrx_word' id='word_1_69' title='bbox 656 1605 841 1675; x_wconf 85' lang='lat' dir='ltr'>traduntur</span> <span class='ocrx_word' id='word_1_70' title='bbox 861 1604 945 1675; x_wconf 90' lang='lat' dir='ltr'>haec</span> <span class='ocrx_word' id='word_1_71' title='bbox 966 1609 1087 1676; x_wconf 88' lang='lat' dir='ltr'>verba:</span> <span class='ocrx_word' id='word_1_72' title='bbox 1109 1613 1183 1694; x_wconf 73' lang='grc' dir='ltr'>’Άμ-</span> 
     </span>
     <span class='ocr_line' id='line_1_12' title="bbox 95 1722 1183 1811; baseline 0.002 -21"><span class='ocrx_word' id='word_1_73' title='bbox 95 1728 199 1790; x_wconf 89' lang='grc' dir='ltr'><strong><em>πελον</em></strong></span> <span class='ocrx_word' id='word_1_74' title='bbox 227 1722 270 1808; x_wconf 78' lang='grc' dir='ltr'>ἣν</span> <span class='ocrx_word' id='word_1_75' title='bbox 293 1725 463 1810; x_wconf 79' lang='grc' dir='ltr'><em>Κρονίδης</em></span> <span class='ocrx_word' id='word_1_76' title='bbox 496 1725 617 1809; x_wconf 78' lang='grc' dir='ltr'><strong><em>ἔπορεν</em></strong></span> <span class='ocrx_word' id='word_1_77' title='bbox 648 1725 683 1790; x_wconf 82' lang='grc' dir='ltr'>ολ</span> <span class='ocrx_word' id='word_1_78' title='bbox 712 1725 831 1802; x_wconf 77' lang='grc' dir='ltr'><strong><em>παιδὸς</em></strong></span> <span class='ocrx_word' id='word_1_79' title='bbox 862 1725 983 1792; x_wconf 73' lang='grc' dir='ltr'><strong><em>ἄποινα</em></strong></span> <span class='ocrx_word' id='word_1_80' title='bbox 1014 1728 1183 1811; x_wconf 79' lang='grc' dir='ltr'><strong><em>χρυσείην,</em></strong></span> 
     </span>
     <span class='ocr_line' id='line_1_13' title="bbox 96 1840 1183 1929; baseline 0.002 -23"><span class='ocrx_word' id='word_1_81' title='bbox 96 1841 295 1927; x_wconf 80' lang='grc' dir='ltr'><strong><em>φ’όλλοισιν</em></strong></span> <span class='ocrx_word' id='word_1_82' title='bbox 323 1840 499 1925; x_wconf 69' lang='grc' dir='ltr'><strong><em>ἀγανοῖσιν</em></strong></span> <span class='ocrx_word' id='word_1_83' title='bbox 507 1840 534 1926; x_wconf 86' lang='lat'>¹)</span> <span class='ocrx_word' id='word_1_84' title='bbox 570 1842 746 1925; x_wconf 87' lang='grc' dir='ltr'><strong><em>κομόωσαν</em></strong></span> <span class='ocrx_word' id='word_1_85' title='bbox 778 1864 808 1906; x_wconf 83' lang='grc' dir='ltr'>κ.</span> <span class='ocrx_word' id='word_1_86' title='bbox 821 1865 848 1906; x_wconf 82' lang='grc' dir='ltr'>τ.</span> <span class='ocrx_word' id='word_1_87' title='bbox 861 1845 907 1925; x_wconf 83' lang='grc' dir='ltr'>λ.;</span> <span class='ocrx_word' id='word_1_88' title='bbox 956 1840 1075 1929; x_wconf 80' lang='lat' dir='ltr'>quibus</span> <span class='ocrx_word' id='word_1_89' title='bbox 1109 1864 1183 1908; x_wconf 87' lang='lat' dir='ltr'>oum</span> 
     </span>
     <span class='ocr_line' id='line_1_14' title="bbox 94 1955 1183 2044; baseline 0.002 -20"><span class='ocrx_word' id='word_1_90' title='bbox 94 1955 208 2025; x_wconf 81' lang='lat' dir='ltr'>verbis</span> <span class='ocrx_word' id='word_1_91' title='bbox 251 1956 474 2024; x_wconf 87' lang='lat' dir='ltr'>conferendus</span> <span class='ocrx_word' id='word_1_92' title='bbox 509 1955 818 2044; x_wconf 82' lang='lat' dir='ltr'>Argonauticorum</span> <span class='ocrx_word' id='word_1_93' title='bbox 858 1979 978 2026; x_wconf 80' lang='lat' dir='ltr'>versus</span> <span class='ocrx_word' id='word_1_94' title='bbox 1014 1956 1083 2040; x_wconf 91' lang='lat' dir='ltr'>III,</span> <span class='ocrx_word' id='word_1_95' title='bbox 1118 1957 1183 2026; x_wconf 84' lang='lat'>928</span> 
     </span>
     <span class='ocr_line' id='line_1_15' title="bbox 95 2071 1182 2160; baseline 0.002 -21"><span class='ocrx_word' id='word_1_96' title='bbox 95 2078 243 2160; x_wconf 75' lang='grc' dir='ltr'><strong><em>αἴγειρος</em></strong></span> <span class='ocrx_word' id='word_1_97' title='bbox 265 2073 446 2157; x_wconf 84' lang='grc' dir='ltr'><strong><em>φύλλοισιν</em></strong></span> <span class='ocrx_word' id='word_1_98' title='bbox 470 2071 674 2160; x_wconf 77' lang='grc' dir='ltr'><strong><em>ἀπειρεσίοις</em></strong></span> <span class='ocrx_word' id='word_1_99' title='bbox 696 2074 867 2160; x_wconf 88' lang='grc' dir='ltr'><strong><em>κομόωσα;</em></strong></span> <span class='ocrx_word' id='word_1_100' title='bbox 902 2072 1071 2141; x_wconf 82' lang='lat' dir='ltr'>Homerus</span> <span class='ocrx_word' id='word_1_101' title='bbox 1094 2073 1182 2141; x_wconf 88' lang='lat' dir='ltr'>enim</span> 
     </span>
     <span class='ocr_line' id='line_1_16' title="bbox 94 2188 1250 2280; baseline 0 -24"><span class='ocrx_word' id='word_1_102' title='bbox 94 2188 182 2257; x_wconf 89' lang='lat' dir='ltr'>hano</span> <span class='ocrx_word' id='word_1_103' title='bbox 212 2189 308 2258; x_wconf 86' lang='lat' dir='ltr'>verbi</span> <span class='ocrx_word' id='word_1_104' title='bbox 330 2196 436 2275; x_wconf 82' lang='grc' dir='ltr'><strong><em>κομᾶν</em></strong></span> <span class='ocrx_word' id='word_1_105' title='bbox 459 2188 654 2257; x_wconf 85' lang='lat' dir='ltr'>abusionem</span> <span class='ocrx_word' id='word_1_106' title='bbox 684 2189 831 2258; x_wconf 91' lang='lat' dir='ltr'>nondum</span> <span class='ocrx_word' id='word_1_107' title='bbox 863 2188 1001 2258; x_wconf 84' lang='lat' dir='ltr'>admisit</span> <span class='ocrx_word' id='word_1_108' title='bbox 1013 2188 1053 2276; x_wconf 78' lang='grc'>2);</span> <span class='ocrx_word' id='word_1_109' title='bbox 1080 2189 1129 2280; x_wconf 85' lang='lat' dir='ltr'>cf.</span> <span class='ocrx_word' id='word_1_110' title='bbox 1154 2195 1183 2256; x_wconf 83' lang='grc' dir='ltr'>Θ</span> <span class='ocrx_word' id='word_1_111' title='bbox 1248 2207 1250 2211; x_wconf 75' lang='grc'>’</span> 
     </span>
     <span class='ocr_line' id='line_1_17' title="bbox 94 2305 683 2394; baseline -0.002 -20"><span class='ocrx_word' id='word_1_112' title='bbox 94 2306 147 2392; x_wconf 84' lang='grc'>42,</span> <span class='ocrx_word' id='word_1_113' title='bbox 171 2312 209 2373; x_wconf 91' lang='grc' dir='ltr'><strong><em>Ν</em></strong></span> <span class='ocrx_word' id='word_1_114' title='bbox 227 2305 286 2372; x_wconf 82' lang='lat'>24:</span> <span class='ocrx_word' id='word_1_115' title='bbox 310 2305 484 2394; x_wconf 70' lang='grc' dir='ltr'><strong><em>ἐθεόρῄσιν</em></strong></span> <span class='ocrx_word' id='word_1_116' title='bbox 504 2309 683 2392; x_wconf 80' lang='grc' dir='ltr'><strong><em>κομόωντε.</em></strong></span> 
     </span>
    </p>

    <p class='ocr_par' dir='ltr' id='par_1_4' title="bbox 96 2423 1183 2748">
     <span class='ocr_line' id='line_1_18' title="bbox 181 2423 1183 2513; baseline 0.002 -23"><span class='ocrx_word' id='word_1_117' title='bbox 181 2423 336 2511; x_wconf 83' lang='lat' dir='ltr'>Hymnoe</span> <span class='ocrx_word' id='word_1_118' title='bbox 368 2445 501 2512; x_wconf 86' lang='lat' dir='ltr'>quoque</span> <span class='ocrx_word' id='word_1_119' title='bbox 533 2423 729 2492; x_wconf 80' lang='lat' dir='ltr'>Homericos</span> <span class='ocrx_word' id='word_1_120' title='bbox 752 2423 954 2513; x_wconf 82' lang='lat' dir='ltr'>Apollonius</span> <span class='ocrx_word' id='word_1_121' title='bbox 986 2423 1106 2512; x_wconf 81' lang='lat' dir='ltr'>dignos</span> <span class='ocrx_word' id='word_1_122' title='bbox 1141 2444 1183 2492; x_wconf 86' lang='lat' dir='ltr'>ex</span> 
     </span>
     <span class='ocr_line' id='line_1_19' title="bbox 96 2539 1183 2630; baseline 0.001 -22"><span class='ocrx_word' id='word_1_123' title='bbox 96 2539 215 2628; x_wconf 81' lang='lat' dir='ltr'>quibua</span> <span class='ocrx_word' id='word_1_124' title='bbox 230 2540 394 2626; x_wconf 74' lang='lat' dir='ltr'>hauriret,</span> <span class='ocrx_word' id='word_1_125' title='bbox 412 2539 635 2628; x_wconf 78' lang='lat' dir='ltr'>existimavit3</span> <span class='ocrx_word' id='word_1_126' title='bbox 652 2540 742 2629; x_wconf 91' lang='lat' dir='ltr'>quod</span> <span class='ocrx_word' id='word_1_127' title='bbox 755 2542 871 2630; x_wconf 84' lang='lat' dir='ltr'>paucis</span> <span class='ocrx_word' id='word_1_128' title='bbox 888 2540 1048 2630; x_wconf 79' lang='lat' dir='ltr'>exemplis</span> <span class='ocrx_word' id='word_1_129' title='bbox 1066 2539 1183 2611; x_wconf 84' lang='lat' dir='ltr'>allatis</span> 
     </span>
     <span class='ocr_line' id='line_1_20' title="bbox 98 2658 454 2748; baseline 0 -22"><span class='ocrx_word' id='word_1_130' title='bbox 98 2658 182 2726; x_wconf 85' lang='lat' dir='ltr'>satis</span> <span class='ocrx_word' id='word_1_131' title='bbox 206 2661 454 2748; x_wconf 87' lang='lat' dir='ltr'>comprobatur.</span> 
     </span>
    </p>

    <p class='ocr_par' dir='ltr' id='par_1_5' title="bbox 95 2773 1182 2979">
     <span class='ocr_line' id='line_1_21' title="bbox 104 2773 1182 2862; baseline 0 -20"><span class='ocrx_word' id='word_1_132' title='bbox 104 2806 106 2811; x_wconf 95' lang='lat'>·</span> <span class='ocrx_word' id='word_1_133' title='bbox 180 2773 212 2842; x_wconf 89' lang='lat' dir='ltr'>h.</span> <span class='ocrx_word' id='word_1_134' title='bbox 236 2775 333 2842; x_wconf 84' lang='lat' dir='ltr'>Hom</span> <span class='ocrx_word' id='word_1_135' title='bbox 352 2773 508 2861; x_wconf 84' lang='lat' dir='ltr'>XXXII,</span> <span class='ocrx_word' id='word_1_136' title='bbox 534 2774 576 2842; x_wconf 87' lang='lat'>18</span> <span class='ocrx_word' id='word_1_137' title='bbox 607 2773 664 2842; x_wconf 82' lang='grc' dir='ltr'>σέο</span> <span class='ocrx_word' id='word_1_138' title='bbox 687 2776 717 2840; x_wconf 87' lang='lat' dir='ltr'>d’</span> <span class='ocrx_word' id='word_1_139' title='bbox 741 2773 924 2862; x_wconf 81' lang='grc' dir='ltr'><strong><em>ἀρχόμενος</em></strong></span> <span class='ocrx_word' id='word_1_140' title='bbox 954 2773 1034 2841; x_wconf 81' lang='grc' dir='ltr'><strong><em>κλέα</em></strong></span> <span class='ocrx_word' id='word_1_141' title='bbox 1059 2785 1182 2861; x_wconf 80' lang='grc' dir='ltr'><strong><em>φωτῶν</em></strong></span> 
     </span>
     <span class='ocr_line' id='line_1_22' title="bbox 95 2889 1001 2979; baseline 0.001 -21"><span class='ocrx_word' id='word_1_142' title='bbox 95 2889 216 2979; x_wconf 67' lang='grc' dir='ltr'><strong><em>ᾄσομαι</em></strong></span> <span class='ocrx_word' id='word_1_143' title='bbox 238 2891 390 2978; x_wconf 66' lang='grc' dir='ltr'><strong><em>ἡμιθέων</em></strong></span> <span class='ocrx_word' id='word_1_144' title='bbox 412 2895 448 2960; x_wconf 84' lang='lat' dir='ltr'>ei</span> <span class='ocrx_word' id='word_1_145' title='bbox 999 2954 1001 2959; x_wconf 88' lang='lat'><em>.</em></span> 
     </span>
    </p>

    <p class='ocr_par' dir='ltr' id='par_1_6' title="bbox 96 3007 1184 3212">
     <span class='ocr_line' id='line_1_23' title="bbox 181 3007 1184 3097; baseline 0 -21"><span class='ocrx_word' id='word_1_146' title='bbox 181 3007 249 3096; x_wconf 88' lang='lat' dir='ltr'>Ap.</span> <span class='ocrx_word' id='word_1_147' title='bbox 282 3007 311 3092; x_wconf 87' lang='grc' dir='ltr'>Ι,</span> <span class='ocrx_word' id='word_1_148' title='bbox 343 3007 578 3097; x_wconf 77' lang='grc' dir='ltr'><strong><em>ΙἍρχόμενος</em></strong></span> <span class='ocrx_word' id='word_1_149' title='bbox 610 3007 667 3075; x_wconf 82' lang='grc' dir='ltr'>σέο</span> <span class='ocrx_word' id='word_1_150' title='bbox 690 3012 812 3094; x_wconf 69' lang='grc' dir='ltr'><strong><em>Φοῖβε,</em></strong></span> <span class='ocrx_word' id='word_1_151' title='bbox 853 3007 1081 3092; x_wconf 80' lang='grc' dir='ltr'><strong><em>παλαιγενέων</em></strong></span> <span class='ocrx_word' id='word_1_152' title='bbox 1102 3008 1184 3076; x_wconf 78' lang='grc' dir='ltr'><strong><em>πλόοι</em></strong></span> 
     </span>
     <span class='ocr_line' id='line_1_24' title="bbox 96 3122 837 3212; baseline 0 -20"><span class='ocrx_word' id='word_1_153' title='bbox 96 3136 218 3211; x_wconf 79' lang='grc' dir='ltr'><strong><em>φωνῶν</em></strong></span> <span class='ocrx_word' id='word_1_154' title='bbox 240 3129 409 3210; x_wconf 84' lang='grc' dir='ltr'><strong><em>μνήσομαι</em></strong></span> <span class='ocrx_word' id='word_1_155' title='bbox 431 3125 523 3194; x_wconf 89' lang='lat' dir='ltr'>inter</span> <span class='ocrx_word' id='word_1_156' title='bbox 545 3147 580 3193; x_wconf 87' lang='lat' dir='ltr'>se</span> <span class='ocrx_word' id='word_1_157' title='bbox 602 3124 786 3193; x_wconf 86' lang='lat' dir='ltr'>cohaerent</span> <span class='ocrx_word' id='word_1_158' title='bbox 794 3122 837 3212; x_wconf 82' lang='lat'>⁸);</span> 
     </span>
    </p>

    <p class='ocr_par' dir='ltr' id='par_1_7' title="bbox 181 3240 1181 3329">
     <span class='ocr_line' id='line_1_25' title="bbox 181 3240 1181 3329; baseline 0.003 -22"><span class='ocrx_word' id='word_1_159' title='bbox 181 3240 264 3312; x_wconf 83' lang='lat' dir='ltr'>item</span> <span class='ocrx_word' id='word_1_160' title='bbox 286 3241 318 3309; x_wconf 90' lang='lat' dir='ltr'>h.</span> <span class='ocrx_word' id='word_1_161' title='bbox 343 3242 427 3312; x_wconf 85' lang='lat' dir='ltr'>Ven.</span> <span class='ocrx_word' id='word_1_162' title='bbox 452 3242 516 3310; x_wconf 79' lang='lat'>293</span> <span class='ocrx_word' id='word_1_163' title='bbox 555 3243 683 3328; x_wconf 79' lang='grc' dir='ltr'><strong><em>δείματι</em></strong></span> <span class='ocrx_word' id='word_1_164' title='bbox 712 3244 917 3329; x_wconf 75' lang='grc' dir='ltr'><strong><em>παλλόμεναι</em></strong></span> <span class='ocrx_word' id='word_1_165' title='bbox 944 3272 984 3306; x_wconf 75' lang='grc' dir='ltr'><em>Ν</em></span> <span class='ocrx_word' id='word_1_166' title='bbox 1007 3243 1070 3329; x_wconf 87' lang='lat' dir='ltr'>IV,</span> <span class='ocrx_word' id='word_1_167' title='bbox 1096 3242 1181 3328; x_wconf 75' lang='lat'><strong>752;</strong></span> 
     </span>
    </p>

    <p class='ocr_par' dir='ltr' id='par_1_8' title="bbox 182 3358 866 3447">
     <span class='ocr_line' id='line_1_26' title="bbox 182 3358 866 3447; baseline 0 -21"><span class='ocrx_word' id='word_1_168' title='bbox 182 3358 315 3446; x_wconf 74' lang='grc' dir='ltr'><strong><em>ἀρθμόο</em></strong></span> <span class='ocrx_word' id='word_1_169' title='bbox 336 3358 368 3427; x_wconf 95' lang='lat' dir='ltr'>h.</span> <span class='ocrx_word' id='word_1_170' title='bbox 393 3359 495 3427; x_wconf 87' lang='lat' dir='ltr'>Mero.</span> <span class='ocrx_word' id='word_1_171' title='bbox 518 3359 598 3445; x_wconf 76' lang='lat'>5243</span> <span class='ocrx_word' id='word_1_172' title='bbox 621 3358 688 3447; x_wconf 83' lang='lat' dir='ltr'>Ap.</span> <span class='ocrx_word' id='word_1_173' title='bbox 704 3358 761 3444; x_wconf 88' lang='grc' dir='ltr'>Π,</span> <span class='ocrx_word' id='word_1_174' title='bbox 785 3360 866 3447; x_wconf 81' lang='grc'>755;</span> 
     </span>
    </p>
   </div>
   <div class='ocr_carea' id='block_1_3' title="bbox 95 3579 1182 4360">
    <p class='ocr_par' dir='ltr' id='par_1_9' title="bbox 188 3579 1082 3652">
     <span class='ocr_line' id='line_1_27' title="bbox 188 3579 1082 3652; baseline 0 -17"><span class='ocrx_word' id='word_1_175' title='bbox 188 3581 215 3652; x_wconf 85' lang='grc'>1)</span> <span class='ocrx_word' id='word_1_176' title='bbox 233 3579 300 3652; x_wconf 86' lang='lat' dir='ltr'>quid</span> <span class='ocrx_word' id='word_1_177' title='bbox 318 3596 370 3652; x_wconf 84' lang='lat' dir='ltr'>pro</span> <span class='ocrx_word' id='word_1_178' title='bbox 389 3585 519 3651; x_wconf 90' lang='lat' dir='ltr'>corrupto</span> <span class='ocrx_word' id='word_1_179' title='bbox 538 3580 688 3651; x_wconf 76' lang='grc' dir='ltr'><strong><em>ἀγανοῖσιν</em></strong></span> <span class='ocrx_word' id='word_1_180' title='bbox 707 3580 881 3638; x_wconf 76' lang='lat' dir='ltr'>scribendum</span> <span class='ocrx_word' id='word_1_181' title='bbox 898 3580 943 3651; x_wconf 80' lang='lat' dir='ltr'>ait,</span> <span class='ocrx_word' id='word_1_182' title='bbox 963 3580 1082 3637; x_wconf 87' lang='lat' dir='ltr'>dubium.</span> 
     </span>
    </p>

    <p class='ocr_par' dir='ltr' id='par_1_10' title="bbox 95 3680 1182 3855">
     <span class='ocr_line' id='line_1_28' title="bbox 185 3680 1182 3754; baseline 0.001 -17"><span class='ocrx_word' id='word_1_183' title='bbox 185 3683 215 3754; x_wconf 81' lang='lat'>2)</span> <span class='ocrx_word' id='word_1_184' title='bbox 233 3681 396 3738; x_wconf 84' lang='lat' dir='ltr'>crediderim</span> <span class='ocrx_word' id='word_1_185' title='bbox 414 3681 500 3752; x_wconf 79' lang='lat' dir='ltr'>igitur</span> <span class='ocrx_word' id='word_1_186' title='bbox 511 3698 546 3738; x_wconf 87' lang='lat' dir='ltr'>ex</span> <span class='ocrx_word' id='word_1_187' title='bbox 558 3680 654 3738; x_wconf 91' lang='lat' dir='ltr'>eodem</span> <span class='ocrx_word' id='word_1_188' title='bbox 672 3682 749 3738; x_wconf 86' lang='lat' dir='ltr'>fonte</span> <span class='ocrx_word' id='word_1_189' title='bbox 767 3698 893 3741; x_wconf 82' lang='lat' dir='ltr'>manaaae</span> <span class='ocrx_word' id='word_1_190' title='bbox 910 3683 1108 3753; x_wconf 83' lang='lat' dir='ltr'>metaphoram,</span> <span class='ocrx_word' id='word_1_191' title='bbox 1127 3697 1182 3750; x_wconf 83' lang='lat' dir='ltr'>qua</span> 
     </span>
     <span class='ocr_line' id='line_1_29' title="bbox 95 3768 724 3855; baseline 0 -16"><span class='ocrx_word' id='word_1_192' title='bbox 95 3768 162 3840; x_wconf 77' lang='lat' dir='ltr'>haue</span> <span class='ocrx_word' id='word_1_193' title='bbox 183 3790 226 3839; x_wconf 84' lang='lat' dir='ltr'>eet</span> <span class='ocrx_word' id='word_1_194' title='bbox 244 3782 337 3855; x_wconf 82' lang='lat' dir='ltr'>hymni</span> <span class='ocrx_word' id='word_1_195' title='bbox 355 3783 384 3837; x_wconf 92' lang='lat' dir='ltr'>in</span> <span class='ocrx_word' id='word_1_196' title='bbox 403 3783 461 3838; x_wconf 81' lang='lat' dir='ltr'>Cer.</span> <span class='ocrx_word' id='word_1_197' title='bbox 482 3787 580 3839; x_wconf 86' lang='lat' dir='ltr'>auctor</span> <span class='ocrx_word' id='word_1_198' title='bbox 598 3785 724 3853; x_wconf 75' lang='grc'><strong>4531454.</strong></span> 
     </span>
    </p>

    <p class='ocr_par' dir='ltr' id='par_1_11' title="bbox 96 3880 1182 4360">
     <span class='ocr_line' id='line_1_30' title="bbox 186 3880 1181 3956; baseline -0.002 -16"><span class='ocrx_word' id='word_1_199' title='bbox 186 3885 214 3956; x_wconf 84' lang='grc'>3)</span> <span class='ocrx_word' id='word_1_200' title='bbox 236 3880 303 3939; x_wconf 76' lang='grc' dir='ltr'><strong><em>κλέα</em></strong></span> <span class='ocrx_word' id='word_1_201' title='bbox 314 3892 417 3954; x_wconf 81' lang='grc' dir='ltr'><strong><em>φωτῶν</em></strong></span> <span class='ocrx_word' id='word_1_202' title='bbox 434 3900 486 3955; x_wconf 84' lang='lat' dir='ltr'>pro</span> <span class='ocrx_word' id='word_1_203' title='bbox 504 3884 650 3940; x_wconf 89' lang='lat' dir='ltr'>Homerica</span> <span class='ocrx_word' id='word_1_204' title='bbox 669 3882 788 3940; x_wconf 82' lang='lat' dir='ltr'>formula</span> <span class='ocrx_word' id='word_1_205' title='bbox 801 3880 868 3939; x_wconf 74' lang='lat' dir='ltr'>utta</span> <span class='ocrx_word' id='word_1_206' title='bbox 880 3883 995 3954; x_wconf 78' lang='grc' dir='ltr'><strong><em>ἀνδρῶν</em></strong></span> <span class='ocrx_word' id='word_1_207' title='bbox 1007 3889 1024 3938; x_wconf 86' lang='grc' dir='ltr'><strong><em>Ι</em></strong></span> <span class='ocrx_word' id='word_1_208' title='bbox 1036 3884 1095 3954; x_wconf 86' lang='grc'><strong>189,</strong></span> <span class='ocrx_word' id='word_1_209' title='bbox 1114 3885 1181 3953; x_wconf 77' lang='grc' dir='ltr'>ό24;</span> 
     </span>
     <span class='ocr_line' id='line_1_31' title="bbox 96 3975 1182 4056; baseline -0.003 -15"><span class='ocrx_word' id='word_1_210' title='bbox 96 3988 180 4055; x_wconf 73' lang='grc' dir='ltr'>ΜΒ,</span> <span class='ocrx_word' id='word_1_211' title='bbox 203 3985 232 4040; x_wconf 92' lang='lat' dir='ltr'>in</span> <span class='ocrx_word' id='word_1_212' title='bbox 251 4001 306 4054; x_wconf 90' lang='lat' dir='ltr'>qua</span> <span class='ocrx_word' id='word_1_213' title='bbox 323 3975 390 4040; x_wconf 76' lang='grc' dir='ltr'>κλόᾶ</span> <span class='ocrx_word' id='word_1_214' title='bbox 407 4000 442 4040; x_wconf 85' lang='lat' dir='ltr'>ex</span> <span class='ocrx_word' id='word_1_215' title='bbox 461 3981 528 4039; x_wconf 79' lang='grc' dir='ltr'><strong><em>αλέᾶ</em></strong></span> <span class='ocrx_word' id='word_1_216' title='bbox 544 3988 701 4054; x_wconf 87' lang='lat' dir='ltr'>correptum</span> <span class='ocrx_word' id='word_1_217' title='bbox 727 3989 778 4054; x_wconf 83' lang='lat' dir='ltr'>eet,</span> <span class='ocrx_word' id='word_1_218' title='bbox 804 3985 839 4040; x_wconf 92' lang='lat' dir='ltr'>ab</span> <span class='ocrx_word' id='word_1_219' title='bbox 857 3984 910 4056; x_wconf 84' lang='lat' dir='ltr'>Ap.</span> <span class='ocrx_word' id='word_1_220' title='bbox 929 3985 1008 4054; x_wconf 79' lang='lat' dir='ltr'>quasi</span> <span class='ocrx_word' id='word_1_221' title='bbox 1025 3981 1182 4054; x_wconf 76' lang='lat' dir='ltr'>ignorantia</span> 
     </span>
     <span class='ocr_line' id='line_1_32' title="bbox 96 4083 1180 4157; baseline -0.004 -15"><span class='ocrx_word' id='word_1_222' title='bbox 96 4086 235 4142; x_wconf 81' lang='lat' dir='ltr'>Homerici</span> <span class='ocrx_word' id='word_1_223' title='bbox 252 4085 362 4142; x_wconf 89' lang='lat' dir='ltr'>dicendi</span> <span class='ocrx_word' id='word_1_224' title='bbox 387 4086 495 4157; x_wconf 78' lang='lat' dir='ltr'>generis</span> <span class='ocrx_word' id='word_1_225' title='bbox 514 4084 686 4157; x_wconf 72' lang='lat' dir='ltr'>desumptum</span> <span class='ocrx_word' id='word_1_226' title='bbox 705 4101 765 4141; x_wconf 79' lang='lat' dir='ltr'>eoae</span> <span class='ocrx_word' id='word_1_227' title='bbox 784 4084 1030 4155; x_wconf 80' lang='lat' dir='ltr'>Wackemageliua</span> <span class='ocrx_word' id='word_1_228' title='bbox 1049 4085 1078 4139; x_wconf 92' lang='lat' dir='ltr'>in</span> <span class='ocrx_word' id='word_1_229' title='bbox 1096 4083 1180 4142; x_wconf 84' lang='lat' dir='ltr'>achel.</span> 
     </span>
     <span class='ocr_line' id='line_1_33' title="bbox 96 4183 1182 4258; baseline 0 -15"><span class='ocrx_word' id='word_1_230' title='bbox 96 4187 123 4250; x_wconf 86' lang='lat' dir='ltr'>h.</span> <span class='ocrx_word' id='word_1_231' title='bbox 139 4189 254 4256; x_wconf 77' lang='grc'><strong>1904105</strong></span> <span class='ocrx_word' id='word_1_232' title='bbox 265 4188 368 4245; x_wconf 80' lang='lat' dir='ltr'>habitis</span> <span class='ocrx_word' id='word_1_233' title='bbox 380 4183 592 4258; x_wconf 68' lang='lat' dir='ltr'>demonstrarit3</span> <span class='ocrx_word' id='word_1_234' title='bbox 610 4192 751 4244; x_wconf 83' lang='lat' dir='ltr'>auctorem</span> <span class='ocrx_word' id='word_1_235' title='bbox 763 4191 855 4246; x_wconf 87' lang='lat' dir='ltr'>autem</span> <span class='ocrx_word' id='word_1_236' title='bbox 868 4183 1071 4258; x_wconf 64' lang='lat' dir='ltr'>deprecationis</span> <span class='ocrx_word' id='word_1_237' title='bbox 1090 4185 1182 4258; x_wconf 78' lang='lat' dir='ltr'>hymni</span> 
     </span>
     <span class='ocr_line' id='line_1_34' title="bbox 96 4287 768 4360; baseline 0.003 -16"><span class='ocrx_word' id='word_1_238' title='bbox 96 4288 172 4345; x_wconf 78' lang='lat' dir='ltr'>illiue</span> <span class='ocrx_word' id='word_1_239' title='bbox 191 4293 303 4359; x_wconf 87' lang='lat' dir='ltr'>poetam</span> <span class='ocrx_word' id='word_1_240' title='bbox 320 4287 415 4360; x_wconf 75' lang='lat' dir='ltr'>fuisse,</span> <span class='ocrx_word' id='word_1_241' title='bbox 435 4304 451 4345; x_wconf 90' lang='grc' dir='ltr'><strong><em>ο</em></strong></span> <span class='ocrx_word' id='word_1_242' title='bbox 468 4305 549 4346; x_wconf 80' lang='lat' dir='ltr'>verra</span> <span class='ocrx_word' id='word_1_243' title='bbox 568 4289 653 4346; x_wconf 88' lang='lat' dir='ltr'>allato</span> <span class='ocrx_word' id='word_1_244' title='bbox 671 4289 768 4347; x_wconf 87' lang='lat' dir='ltr'>elucet.</span> 
     </span>
    </p>
   </div>
   <div class='ocr_carea' id='block_1_4' title="bbox 927 4391 972 4458">
    <p class='ocr_par' dir='ltr' id='par_1_12' title="bbox 927 4391 972 4458">
     <span class='ocr_line' id='line_1_35' title="bbox 927 4391 972 4458; baseline 0 -26"><span class='ocrx_word' id='word_1_245' title='bbox 927 4391 972 4458; x_wconf 73' lang='grc'>1*</span> 
     </span>
    </p>
   </div>
   <div class='ocr_carea' id='block_1_5' title="bbox 0 0 1426 4942">
    <p class='ocr_par' dir='ltr' id='par_1_13' title="bbox 0 0 1426 4942">
     <span class='ocr_line' id='line_1_36' title="bbox 0 0 1426 4942; baseline 0 0"><span class='ocrx_word' id='word_1_246' title='bbox 0 0 1426 4942; x_wconf 95' lang='lat' dir='ltr'> </span> 
     </span>
    </p>
   </div>
  </div>
 </body>
</html>
