2842 4942
554 349 736 439 1ιιι

172 520 303 610 legitur
317 522 416 591 Aret.
432 545 464 611 p.
480 521 546 590 310
557 522 601 590 Κ.
646 522 747 591 Haud
763 522 866 592 aliter
881 545 937 592 res
954 545 990 592 se
1006 524 1110 593 hebet
1124 523 1160 592 in
1174 547 1255 594 voce

181 656 183 664 ’
260 639 414 725 πλαδάω,
440 639 489 724 ΙΙ,
512 638 576 707 662
611 642 811 708 πλαδόωσαν
845 640 1067 728 ἐπισχίζοντες
1096 643 1255 730 ἄρουραν.

170 755 225 829 Ab
249 754 460 846 Hippocrate
489 757 664 842 usitatum,
695 759 737 826 ab
759 757 952 827 Aristotele
974 758 1005 824 h.
1022 779 1052 826 a.
1076 758 1144 843 3,6
1166 758 1255 846 posi-

170 874 244 939 tum
265 872 332 962 Ap.
356 873 392 940 in
415 897 511 941 sunm
532 896 628 942 nsum
650 875 713 943 hoc
731 878 869 943 verbnm
883 874 1163 959 transformavit3
1188 896 1255 963 qua

169 989 227 1056 via
248 987 343 1056 illum
368 992 502 1058 secutus
526 993 579 1058 est
600 990 782 1075 Nicander,
805 1013 833 1058 e.
856 1013 908 1078 gr.
932 991 981 1058 th.
1004 991 1069 1058 708
1092 992 1196 1078 οδρὸν
1210 1030 1254 1043 -

169 1106 387 1192 πλαδόωνδς.
405 1110 525 1195 postea
555 1109 669 1175 autem
699 1106 798 1175 Philo
831 1106 993 1175 adhihuit.
1048 1108 1182 1189 πλάδος,
1212 1107 1255 1176 δε

168 1244 234 1310 quo
265 1223 429 1291 vocabulo
453 1224 659 1292 derivatum
689 1226 759 1309 est,
800 1224 974 1292 invenitur
1007 1224 1097 1313 apud
1126 1224 1254 1314 Hippo·

168 1341 298 1407 cratem
338 1343 373 1408 et
404 1341 590 1408 Aretaeum
621 1366 653 1430 p.
676 1340 783 1426 42K;
824 1343 994 1427 πλαδαρός
1026 1341 1115 1409 idem
1149 1342 1254 1418 habet

167 1454 392 1544 Hippocrates
416 1460 453 1525 et
476 1457 678 1546 Apollonius
701 1458 771 1542 ΙΙΙ,
795 1457 889 1542 1398,
914 1459 1024 1544 πλάδη
1047 1458 1186 1546 Emped.
1209 1458 1255 1526 fr·

168 1574 210 1639 75
221 1573 264 1658 D,
287 1573 341 1642 ita
354 1577 395 1641 ut
411 1597 522 1643 omnes
547 1574 695 1643 eiusdem
718 1574 834 1664 stirpis
858 1597 957 1644 voces
981 1575 1084 1644 etiam
1106 1574 1254 1644 eiusdem
1319 1624 1321 1628 ι

163 1690 272 1770 Ἰιίδος
294 1690 399 1760 fuisse
422 1695 656 1779 cognoscatur.
1027 1762 1030 1769 ,
1240 1699 1241 1703 ’

254 1810 425 1895 πλημύρω.
471 1809 533 1895 IV,
557 1812 622 1877 706
656 1809 762 1899 (συὸς)
796 1805 834 1895 ἧς
867 1812 915 1877 ἔτι
947 1808 1041 1897 μαζοὶ
1078 1812 1253 1897 πλημυρον

166 1927 280 2012 λοχίης
313 1925 349 2025 ἐκ
377 1928 510 2011 νηδύος.
577 1926 679 1994 Cuius
712 1926 809 1995 verbi
847 1927 1000 2015 exempla
1040 1929 1179 1996 exstant
1216 1927 1253 1994 in

165 2041 355 2130 Panyassis
395 2043 611 2130 fragmenta,
655 2044 696 2112 fr.
730 2045 781 2129 12,
807 2045 848 2112 18
863 2043 897 2111 Κ
930 2054 977 2132 τῷ
1009 2062 1046 2111 σε
1075 2046 1138 2132 χρὴ
1162 2045 1252 2132 παρὰ

166 2159 254 2227 δαιτί
295 2160 496 2245 δεδεγμένον
538 2163 681 2247 εὔφρονι
723 2169 822 2251 θυμῷ
864 2164 975 2228 πίνειν
1023 2159 1107 2247 μηδὲ
1148 2166 1252 2247 βορῆς

164 2277 389 2365 κεκορημένον
411 2279 491 2364 ἠύτε
513 2288 603 2363 γῦπα
625 2275 728 2364 ἧσθαι
756 2281 987 2365 πλημύροντα,
1019 2278 1109 2366 apud
1129 2277 1250 2345 Archi-

162 2393 296 2462 lochum
322 2394 365 2463 fr.
394 2395 495 2481 97B;
535 2395 779 2484 Hippocratem
811 2418 843 2484 p.
871 2396 945 2479 306,
969 2395 1028 2480 55;
1059 2394 1132 2480 307,
1156 2395 1199 2461 28
1210 2393 1249 2461 F.

162 2510 302 2580 Pariter
340 2511 481 2581 ionicam
525 2512 688 2600 originem
731 2515 929 2601 comprobat
969 2535 1065 2580 usus·
1095 2511 1251 2580 vocabuli

164 2632 339 2717 πλημυρίς,
372 2630 462 2718 quod
495 2633 635 2718 praeter
662 2629 844 2698 Homerum
866 2629 915 2717 (in
930 2628 1101 2717 Odyssea;
1137 2628 1249 2716 ι486)

164 2747 392 2816 adhibuerunt
436 2748 517 2816 Hdt.
548 2750 579 2833 8,
611 2748 683 2833 129,
721 2748 834 2836 Hipp,
884 2747 1005 2815 Bacch.
1037 2747 1081 2814 fr.
1112 2747 1155 2814 35
1185 2745 1249 2832 BL,

168 2865 291 2934 Aesch.
317 2864 463 2954 Ohoeph.
489 2867 561 2951 186,
585 2866 665 2934 Eur.
690 2865 764 2934 Alc.
782 2867 855 2949 182,
883 2864 1007 2949 Arist,
1030 2864 1250 2933 recentiores.

164 2981 318 3050 Verbum
339 2982 437 3050 illum
457 2986 539 3072 post
552 2983 772 3071 Apollonium
787 3006 861 3050 cum
880 2982 979 3050 multi
998 2986 1252 3072 usurpaverunt

164 3101 237 3166 tum
261 3099 365 3187 Orph.
389 3099 477 3188 Arg.
500 3103 620 3169 auctor
643 3103 680 3168 et
700 3099 793 3167 Plut.
816 3123 899 3167 mor.
924 3123 956 3188 p.
979 3095 1083 3168 3200
1111 3101 1272 3184 λύκαινα,

166 3218 387 3302 πλημύρονσα
418 3220 497 3295 τοὺς
529 3222 676 3303 μαστοὺς
709 3218 861 3302 γάλακτι,
899 3240 997 3305 quem
1032 3215 1141 3284 locum
1178 3239 1251 3285 cum

164 3332 393 3420 Apolloniano
416 3333 571 3422 conferas
589 3334 701 3403 velim.

169 3460 172 3467 '
250 3450 456 3537 τετρυμένος.
486 3451 515 3536 Ι,
529 3452 614 3518 1174
629 3451 810 3538 τετρυμένα
833 3462 912 3536 μνία
933 3453 1088 3534 ἔκαμψεν.
1123 3451 1251 3519 Exstat

161 3565 226 3635 hoc
239 3567 456 3656 participium
473 3568 551 3636 sim.
568 3568 613 3636 fr.
627 3568 700 3653 146,
716 3569 746 3653 3,
770 3566 853 3635 Hdt.
869 3567 898 3646 I,
915 3566 974 3653 225
998 3566 1046 3652 ΙΙ,
1064 3566 1138 3650 129,
1158 3566 1250 3635 Plab.

161 3683 253 3772 legg.
269 3685 299 3767 6,
316 3684 439 3770 7611),
465 3686 495 3769 7,
519 3686 583 3752 807
594 3687 633 3752 B.

252 3800 402 3870 Verbum
433 3804 573 3887 φατίζω,
609 3823 652 3868 an
685 3802 777 3869 inter
806 3800 915 3868 ionica
945 3800 1163 3868 referendum
1193 3799 1250 3884 sit,

162 3917 300 3984 dubium
330 3922 393 3986 est.
428 3919 456 4000 I,
481 3919 525 3985 24
558 3922 616 3984 τόν
653 3919 695 4005 ῥοί
729 3917 797 3984 ποτ’
829 3919 911 4003 αὐτὴ
935 3919 1108 4002 Καλλιόπη
1130 3919 1250 4001 Θρηίκι

163 4038 330 4119 φατίζεται
360 4035 543 4120 εὐνηθεῖσα
577 4075 614 4085 -
647 4035 810 4119 τεκέσθαι,
841 4034 900 4101 ubi
929 4037 1094 4120 φατίζεται
1123 4054 1185 4121 pro
1210 4055 1248 4100 eo

164 4149 255 4239 quod
277 4158 331 4219 est
355 4150 490 4235 dicitur,
525 4153 621 4218 tenet
636 4150 727 4218 fama
749 4149 897 4238 positum
920 4148 1076 4238 congruit
1097 4171 1171 4216 cum
1192 4170 1249 4216 ve·

164 4269 243 4345 tere
281 4290 362 4354 usu,
402 4267 513 4358 quaiis
551 4267 726 4338 invenitur
764 4266 853 4367 apud
881 4265 1115 4334 Parmenidem
1144 4264 1188 4334 fr.
1217 4265 1249 4352 8,
