2842 4942
677 320 722 385 44

195 495 354 583 plautio.
366 494 433 579 ΠΙ,
440 495 504 562 921
512 495 693 562 ἀθανάτω
699 498 805 582 ἥρωες
814 496 870 580 ἀφ’
881 497 1020 582 αἵματος
1026 494 1240 581 ἐβλάστησαν.

246 613 344 681 Hanc
359 613 504 681 formam
524 613 744 681 intransitive
758 613 946 681 adhnhitam
960 613 1156 681 derivatam
1169 633 1238 681 esse

161 731 203 799 de
224 730 374 817 βλαστέο
395 732 594 818 comprobat
614 730 724 797 forma
744 730 925 816 ἐβλάστεον
945 730 1009 813 lV,
1033 730 1130 797 1425.
1171 729 1238 813 Quo

160 849 265 916 verbo
286 847 339 915 usi
361 853 441 915 sunt
455 847 674 936 Empedocles
695 847 805 930 1121,
821 846 910 913 101)
924 847 1066 931 δένδρεά
1079 853 1110 912 τ’
1127 846 1238 932 ἐβλάσ-

159 982 238 1050 τησε
251 964 307 1030 καὶ
323 964 439 1050 ἀνέρες
460 963 519 1050 ἡδὲ
540 975 698 1048 γυναῖκες
716 968 754 1031 et
768 963 813 1029 fr.
831 964 904 1046 146,
918 964 939 1029 3
953 967 1058 1029 ἔνθεν
1079 963 1237 1048 ἀναβλασ-

159 1091 256 1149 τοῦσι
277 1081 373 1166 asoa
397 1080 642 1170 8881111503,
656 1082 697 1166 2;
721 1080 843 1148 deinde
857 1079 1114 1168 Theophrastus
1137 1079 1237 1147 variis

157 1198 251 1282 locis,
279 1197 367 1264 Bion
389 1197 432 1264 fr.
454 1197 552 1281 XIV,
577 1198 619 1264 17
630 1197 713 1265 Wil.
736 1197 832 1263 zoivr’
855 1199 969 1282 εἴαρος
988 1196 1073 1263 atta
1096 1200 1237 1282 βλαστεῑ.

158 1315 210 1384 Α1
241 1315 270 1400 Ι,
295 1315 389 1399 1131,
423 1315 583 1398 17,676,
608 1315 692 1381 1517
735 1315 920 1382 transitiva
961 1315 998 1381 vi
1029 1312 1147 1402 Apoll.
1181 1314 1239 1382 hoc

158 1433 297 1501 verbum
325 1430 528 1518 (ἐβλάστησε,
565 1455 697 1520 semper
725 1435 870 1499 exeunte
901 1430 1019 1516 versu)
1048 1432 1237 1519 usurpavit,

157 1548 247 1616 unde
262 1549 417 1635 cognosci
431 1555 546 1638 potest
560 1550 618 1616 ubi
632 1549 742 1616 locum
756 1572 852 1615 suum
866 1572 935 1616 vox
948 1548 1084 1616 haheat.
1115 1548 1239 1616 Eadem

158 1666 246 1734 enim
267 1665 454 1734 transitiva
472 1667 508 1734 vi
528 1670 645 1734 exstat
665 1666 813 1752 βλαστέω
828 1665 991 1754 Hippocr.
1006 1688 1039 1755 p.
1056 1666 1132 1748 383,
1149 1665 1238 1748 8011,

157 1781 343 1868 indirecto
364 1805 397 1871 p.
414 1782 489 1866 380,
505 1781 546 1849 hl
561 1782 600 1863 F,
622 1781 712 1871 quod
733 1782 888 1849 imitatus
911 1785 964 1849 est
985 1781 1144 1850 imitator
1165 1781 1240 1848 fide·

157 1898 305 1968 lissimus
320 1899 492 1967 Areiaeus
510 1922 543 1987 p.
559 1899 624 1967 266
635 1898 687 1965 K:
711 1899 793 1984 ἀτὰρ
815 1899 1032 1984 ἑξεβλάστησε
1053 1901 1118 1984 τὴν
1140 1903 1240 1986 φυήν.

246 2017 300 2084 Ex
330 2017 467 2104 vulgari
499 2016 607 2104 igitur
638 2016 720 2084 Iade
748 2015 815 2104 Ap.
837 2015 924 2082 hane
953 2038 1071 2084 vocem
1102 2017 1241 2106 recepit,

158 2155 258 2223 quam
289 2133 380 2222 apud
401 2133 499 2199 LXX
520 2155 653 2221 quoque
674 2133 878 2202 invenimus:
911 2131 996 2202 Gen.
1021 2133 1050 2218 1,
1076 2135 1135 2201 ll:
1166 2139 1243 2220 βλα-

161 2251 312 2337 στησάτω
334 2252 412 2337 ἡγῇ
434 2250 580 2336 βοτάνην
600 2253 737 2337 χόρτου;
769 2250 868 2317 Num.
893 2252 944 2335 17,
966 2250 988 2316 8
1009 2252 1031 2336 ἡ
1053 2251 1181 2337 ῥάβδος
1206 2291 1243 2300 -

157 2368 361 2455 ἐβλάστησεν
383 2367 499 2453 κάρυα.
543 2366 761 2456 Apollonium
783 2367 910 2434 iterum
932 2367 1086 2456 sequitur
1100 2367 1245 2437 Nonnus

158 2484 201 2553 D.
222 2484 389 2569 XXXVI,
413 2483 485 2551 356.

244 2605 385 2670 verbum
400 2601 521 2668 ἐλινύο
536 2623 610 2668 cum
622 2601 842 2690 frequentant
853 2601 1049 2669 Herodotus
1064 2601 1247 2691 etHippo-

158 2725 281 2803 crates,
297 2721 370 2786 tum
383 2718 587 2786 recentiores
599 2718 783 2807 scriptores
796 2721 909 2806 (unum
924 2718 1038 2786 inveni
1054 2718 1249 2807 exemplum

159 2836 300 2905 atticum
321 2835 384 2903 Ar.
407 2835 538 2903 Thesm.
555 2835 648 2922 598);
686 2835 715 2919 I,
731 2837 795 2903 589
819 2834 1049 2923 ἐλινύεσκον(
1048 2868 1217 2899 υυυυυ
1216 2836 1230 2924 )
1239 2861 1247 2922 ;

157 2953 185 3040 1,
201 2952 266 3021 826
289 2953 439 3038 ἐλίνῦον;
464 2951 618 3020 conferas
641 2952 683 3020 de
706 2953 768 3020 hac
789 2952 968 3041 prosodiae
990 2953 1249 3040 permutatione

157 3069 342 3139 Rzachium
363 3070 433 3138 l.l

244 3189 336 3272 βλύω
360 3186 433 3275 (IV,
460 3187 561 3271 1446;
587 3186 653 3270 111,
677 3186 741 3254 223
764 3187 918 3271 aaaron)
950 3185 1079 3253 ionicae
1102 3183 1250 3254 dialecti

158 3325 231 3372 esse
246 3303 429 3371 verisimile
443 3307 505 3386 est,
523 3325 596 3371 cum
614 3303 765 3391 exempla
777 3302 996 3369 inveniantur
1012 3301 1102 3390 apud
1111 3301 1249 3392 Hippo-

157 3422 283 3489 cratem
313 3421 344 3504 6,
366 3420 469 3487 37411
502 3420 588 3502 ἀνα,
623 3418 881 3507 Lycophronem
916 3418 990 3485 301.
1042 3418 1108 3506 Ap.
1149 3441 1249 3506 περι-

156 3537 274 3623 βλύειν
297 3535 359 3622 IV,
376 3537 450 3621 788,
475 3536 645 3622 ἑπιβλύειν
667 3535 730 3620 IV,
749 3536 834 3602 1238
856 3535 1028 3604 formavit.
1072 3534 1248 3606 Homerus

158 3655 272 3721 autem
295 3653 410 3722 eadem
433 3654 467 3720 vi
489 3655 622 3739 βλύζειν
643 3654 880 3740 usurpaverat,
904 3652 1099 3737 ἀποβλύζων
1121 3651 1149 3734 Ι,
1166 3652 1248 3722 491.

244 3770 370 3856 podda.
409 3769 471 3856 IV,
496 3772 581 3837 1523
616 3772 783 3854 μυδόωσα.
851 3768 949 3852 Quod
985 3769 1125 3836 verbum
1161 3773 1249 3839 ante

157 3885 377 3976 Apollonium
408 3889 658 3975 usurpaverant
687 3884 868 3974 Sophocles
892 3890 932 3970 (a.
956 3907 1010 3971 gr.
1033 3884 1117 3950 Ant.
1142 3885 1248 3975 1008)

158 4005 194 4071 81
216 4001 451 4091 Hippocrates,
475 4008 595 4092 postea
616 4002 705 4069 hune
726 4001 880 4068 imitatus
903 4000 977 4066 Nic.
994 4000 1043 4067 th.
1067 4001 1140 4084 308,
1166 4003 1246 4085 423,

157 4119 215 4208 qui
228 4121 264 4186 81
275 4121 389 4205 pedor,
413 4120 456 4186 al.
470 4121 544 4203 248,
564 4119 728 4187 adhibuit.
763 4116 827 4183 Hic
843 4138 973 4204 quoque
990 4115 1133 4184 ionicam
1149 4119 1246 4186 vocis

158 4235 323 4325 originem
346 4235 519 4304 affirmans
543 4235 686 4303 Arataei
708 4232 938 4300 testimonium
959 4231 1072 4300 adest:
1097 4234 1247 4318 μύδησις
