2842 4942
825 302 868 371 50

303 474 324 548 a
347 474 489 566 νατόμος
520 475 679 548 derivata
707 477 838 565 tragico
870 475 1025 560 sermoni,
1056 497 1098 544 ex
1120 497 1185 564 quo
1207 474 1370 546 hauriebat

301 595 491 686 Lycophro,
514 596 599 664 bene
613 594 814 685 respondet:
837 597 981 681 μοιτόμος
1003 597 1174 663 servatum
1197 597 1252 662 est
1265 590 1371 661 Aesct.

300 713 345 783 fr.
371 712 488 799 196,3
518 713 558 781 tr
585 712 651 782 οὔτ’
677 715 820 799 ἄροτρον
850 713 927 779 οὔτε
949 714 1093 798 γατόμος
1122 710 1234 795 τέμνει
1266 709 1369 776 δίκελί

301 832 459 918 ἄρουραν.
503 830 696 898 Dorismum
713 827 823 917 igitur
837 829 892 896 hic
908 827 1045 896 admisit
1059 830 1170 917 poeta,
1188 846 1369 917 quamquam

298 946 457 1015 universe
485 945 737 1015 accuratissime
769 946 926 1014 evitavit.
983 943 1148 1013 Fortasse
1177 948 1291 1012 autem
1318 941 1368 1008 huo

300 1064 482 1133 referenda
504 1067 558 1132 est
584 1045 653 1133 vor
675 1064 870 1150 ἀμεύσιμον,
902 1085 1001 1151 quam
1022 1061 1225 1131 Ruhnkenio
1245 1060 1368 1130 'auctore

300 1184 501 1269 receperunt
538 1181 687 1249 editores
723 1180 785 1264 IV,
810 1180 875 1249 297
912 1180 977 1268 ὅπῃ
1014 1178 1068 1248 καί
1101 1181 1290 1267 ιίμεύσιμον
1324 1172 1369 1262 tec

300 1320 363 1388 pro
397 1298 470 1366 cdd.
503 1298 676 1387 scriptura
711 1298 775 1385 ὅκῃ
808 1296 863 1365 καὶ
897 1301 1063 1384 μόρσιμον
1093 1293 1162 1383 ἦεν,
1200 1295 1249 1364 ex¹
1271 1273 1368 1384 Etyni

300 1414 418 1502 ligno,
442 1414 532 1503 quod
555 1413 584 1483 si
606 1412 740 1483 rectum
757 1416 818 1498 est,
842 1414 1000 1502 congruit
1020 1437 1087 1483 vox
1109 1436 1183 1482 cum
1197 1409 1368 1480 Pindaricis

194 1572 198 1576 ·
233 1518 235 1522 Α
301 1531 437 1618 ἀμεύειν
447 1531 471 1617 1)
508 1528 613 1619 P'yth.
644 1531 677 1614 I,
700 1532 743 1599 86
781 1533 816 1599 et
852 1532 1075 1617 ἀμευσίττορος
1111 1529 1217 1619 Pyth.
1246 1527 1310 1614 XI,
1328 1527 1368 1595 58.

300 1647 399 1731 Quod
432 1651 545 1716 autem
578 1648 607 1732 I,
631 1649 706 1733 820,
738 1648 840 1729 1001;
872 1649 935 1734 IV,
959 1648 1023 1716 104
1056 1651 1164 1715 εἰσόκε
1197 1670 1272 1716 cum
1300 1643 1368 1712 indi·

303 1764 414 1833 cativo
452 1765 665 1834 coniunctum
703 1766 833 1849 exstat,
878 1764 967 1831 haud
1005 1764 1108 1833 aliter
1145 1767 1249 1852 atque
1281 1762 1369 1830 εἰσότε

303 1880 351 1967 11,
372 1881 446 1965 857,
470 1880 533 1967 IV,
556 1882 631 1964 800,
657 1881 750 1948 1212.
795 1881 1015 1970 Apollonium
1038 1884 1152 1950 autem
1173 1904 1242 1949 non
1263 1880 1304 1947 de
1324 1896 1369 1946 suo

303 1997 389 2066 hanc
421 1997 649 2066 confusionem
679 1999 839 2083 effecisse,
875 1998 935 2067 sed
958 1998 1199 2068 Callimachum
1230 1996 1303 2085 (IV,
1321 1991 1369 2063 150

301 2116 409 2182 εἰσόκε
427 2114 590 2200 ἐκέκλετο)
614 2117 764 2183 secutum
787 2137 858 2182 esse
876 2115 1062 2183 verisimile
1078 2117 1147 2200 est;
1171 2136 1270 2202 quem
1290 2131 1370 2180 usum

301 2230 588 2301 Wilamcwitzius
604 2231 668 2319 (ed.
685 2232 793 2320 praef.
813 2256 844 2321 p.
861 2233 882 2299 8
898 2231 987 2319 adn.)
1010 2232 1094 2300 dicit
1108 2231 1258 2300 confusis
1273 2229 1370 2298 dorico

302 2347 361 2414 ὅκα
385 2378 424 2404 --
450 2349 503 2415 ὅτε
526 2351 563 2416 et
576 2348 753 2417 Homerico
777 2351 833 2416 ὅκε
857 2380 897 2406 =
922 2350 939 2415 ὃ
963 2352 1005 2416 ἄν
1028 2379 1069 2407 =
1094 2349 1176 2416 ὅκα
1201 2347 1369 2417 exstitisse.

387 2522 469 2591 Alia
484 2523 603 2592 deinde
619 2523 838 2612 Apollonium
852 2523 1070 2613 Lycophroni
1084 2523 1208 2593 debere
1224 2522 1371 2593 videmus.

301 2641 439 2727 δωμάωι
478 2641 531 2726 ΙΙ,
555 2641 617 2708 531
657 2644 868 2727 δωμήσαντες
904 2644 1035 2727 βωμόν,
1081 2641 1166 2727 Lyc.
1197 2640 1262 2707 719
1300 2649 1373 2726 σῆμα

301 2759 514 2844 δωμήσαντες
521 2781 529 2843 3
565 2757 983 2845 (med.48;593;1272).
1028 2757 1173 2826 Praeter
1202 2756 1264 2826 hos
1295 2756 1374 2825 locos

300 2897 387 2943 unus
420 2876 555 2941 tantum
585 2874 759 2943 invenitur
781 2874 825 2942 A.
836 2873 875 2941 P.
896 2873 958 2960 XI,
975 2875 1040 2941 400
1062 2876 1269 2942 Acontilov:
1304 2874 1376 2959 νρὸν

302 2992 402 3080 ἐχρῆν
433 3031 476 3041 -
507 2994 735 3078 διομόσασθαι.
797 2990 1056 3080 Lycophronem
1089 2990 1274 3075 invenisse,
1320 3010 1379 3059 non

302 3109 440 3178 finxisse
449 3108 473 3196 2)
503 3107 568 3176 hoc
597 3111 737 3176 verbum
768 3131 809 3176 ea
840 3108 882 3176 de
915 3129 1017 3177 causa
1048 3107 1263 3192 crediderim,
1299 3103 1381 3196 quod

301 3224 494 3314 Hesychius
541 3228 687 3312 τίόμησις
731 3228 767 3292 et
812 3227 980 3311 (ἰωμητός,
1026 3227 1177 3324 veterem
1222 3224 1385 3313 quandam

303 3343 447 3411 formam
479 3343 636 3426 ionicam,
674 3344 788 3411 affert.
848 3342 987 3430 Itaque,
1019 3349 1059 3410 ut
1089 3341 1181 3411 inter
1217 3364 1252 3410 se
1290 3342 1386 3429 νόμον,

302 3462 406 3546 νομι),
438 3462 558 3546 νόμος,
591 3469 707 3544 νωμᾶν
739 3458 932 3540 cohaerent,
968 3459 1016 3526 sic
1046 3458 1134 3545 όέμιο
1163 3457 1324 3547 (Ψ192;
1346 3459 1388 3550 h.

301 3576 576 3663 Merc.87,188),
602 3579 687 3663 dorset
717 3577 813 3664 (Lyc.
837 3584 873 3645 et
895 3577 961 3664 Ap.
985 3598 1049 3664 pro
1072 3575 1172 3662 δέμας
1194 3575 1262 3661 Ill,
1279 3575 1390 3664 1395),

300 3754 508 3768 ᾖ

392 3890 473 3960 1)11,
496 3892 564 3946 1030
594 3905 645 3959 pro
672 3890 853 3946 Laurentiaui
883 3888 972 3946 forma
1001 3887 1227 3963 τιιιραμισόμενοι
1252 3890 1392 3964 Bergkius

302 3991 419 4048 coniecit
436 3990 693 4063 καραμενσοίμενοι.

390 4095 419 4165 2)
439 4092 521 4149 aliter
549 4099 632 4163 atque
656 4092 822 4164 Aeschylus,
856 4094 903 4162 qui
931 4093 968 4150 ad
996 4098 1075 4166 σῶμα
1106 4094 1217 4151 novavit
1244 4093 1393 4168 όνμοιτόο,

302 4191 395 4269 Βιιμρί.
416 4197 469 4251 968
488 4193 692 4266 δεδωμάτωμαι
712 4197 736 4249 d’
756 4193 817 4250 oce
837 4190 889 4264 ἐγὼ
910 4203 1012 4270 σμικρᾷ
1030 4197 1097 4267 χερί.
