2842 4942
694 346 736 413 39

259 519 382 589 Mirum
402 530 473 611 per·
487 541 640 589 errorem
661 518 791 590 factum
813 521 891 603 est,
908 519 950 588 ut
971 517 1038 609 Ap.
1062 521 1166 589 verbo
1190 521 1256 587 ὃει·

171 641 328 725 ὃίσκομαι
347 639 417 708 vim
438 639 535 707 verbi
549 641 702 724 δείκνυμι
716 637 903 707 tribueret:
926 637 955 722 I,
972 637 1036 704 558
1058 637 1256 724 παράκοιτις

171 755 355 824 ἐπωλένιον
399 755 571 843 φορέουσα
592 757 763 842 Πηλείδην
783 755 913 842 Ἀχιλῆα
943 758 1031 842 φίλφ
1069 756 1256 822 δειδίσκετο

170 877 280 959 πατρί.

258 989 493 1080 Veriloquium
525 989 668 1079 <lenique
710 994 844 1058 secutus
877 990 943 1077 Ap.
978 988 1118 1057 verbnm
1153 1004 1256 1054 συνα-

170 1110 293 1194 ρίσσω,
328 1109 418 1198 quod
440 1112 482 1177 ab
504 1109 643 1177 Homeri
670 1108 878 1197 temporibus
901 1106 1098 1176 concidendi
1121 1109 1157 1174 et
1180 1129 1256 1174 con·

168 1226 341 1314 fringendi
357 1226 426 1295 vim
439 1227 616 1309 habuerat,
634 1225 764 1315 recepit
778 1225 827 1308 H,
844 1225 908 1292 613
923 1229 1054 1311 ’Ἄργος
1070 1225 1256 1309 γόμφοισιν

169 1343 359 1430 συνάρασσε
388 1341 477 1430 (νῆα)
509 1343 545 1410 et
574 1341 640 1426 III,
666 1342 767 1426 1318;
801 1340 843 1408 cf.
876 1339 978 1408 ⁶248
1008 1343 1193 1426 γόμφοισιν
1225 1339 1255 1405 c’

169 1463 235 1545 ἄρα
256 1463 317 1546 τήν
340 1484 377 1544 γε
400 1460 454 1527 καὶ
477 1460 676 1547 ἁρμονίῃσιν
699 1461 855 1546 ἄρασσεν.

257 1577 417 1647 Ceterum
449 1577 556 1644 multa
589 1575 712 1645 similia
743 1575 907 1661 invenias,
942 1576 973 1643 si
1003 1573 1254 1659 commentaria,

168 1716 256 1784 quae
278 1694 319 1763 <le
341 1693 517 1785 Apollonii
538 1693 665 1762 Rhodii
695 1692 884 1763 elocutione
915 1691 1053 1780 scripsit
1084 1690 1256 1761 Haackins

168 1811 281 1900 (Halia
306 1810 404 1898 1842)
426 1811 592 1899 perlegas.

254 1928 372 2018 Atque
395 1948 508 1996 omnes
523 1928 560 1995 in
573 1931 692 2017 partes
709 1926 851 1995 similem
866 1926 1095 2015 quaestionem
1118 1926 1256 2014 egregie

165 2045 337 2114 tractavit
360 2044 558 2130 Schmidius,
590 2044 698 2113 Attic.
723 2068 755 2134 p.
773 2045 837 2111 720
850 2066 876 2128 s,
909 2045 967 2132 qui
998 2042 1152 2133 exempla
1185 2043 1255 2112 eius

166 2163 221 2231 rei
254 2164 367 2247 affert,
408 2185 508 2250 quam
542 2162 641 2230 dicit:
688 2160 1254 2249 ,Etymologischsynonymische

166 2279 389 2368 Umdeutung
416 2302 485 2349 von
507 2280 681 2362 Wiirtern,
712 2278 838 2347 welche
870 2282 1029 2365 vermige
1058 2278 1150 2345 ihrer
1183 2277 1255 2344 Bil-

167 2397 262 2484 dung
283 2397 545 2466 verschiedenen
567 2395 651 2464 Sinn
672 2395 837 2480 zulassen,
873 2395 1024 2464 uberim
1046 2394 1256 2463 klassischen

168 2512 367 2583 Griechisch
380 2514 443 2582 auf
463 2513 653 2582 bestimmte
668 2512 916 2601 Bedentungen
929 2514 1098 2602 gewertet
1111 2512 1254 2581 worden

170 2629 280 2698 sind“.

600 2983 754 3053 CAPUT
776 2983 823 3052 H.

287 3159 457 3244 QUIBUS
479 3161 544 3228 AB
565 3159 807 3229 HOMERICO
830 3159 922 3230 USU
944 3160 1135 3230 ALIENIS

199 3323 203 3333 -
342 3275 638 3347 APOLLONIUS
661 3276 834 3346 VERBIS
856 3276 972 3347 USUS
996 3277 1077 3345 SIT.

198 3456 201 3460 ’
254 3455 371 3524 Verba
393 3456 435 3523 ab
456 3454 636 3523 Homerico
668 3478 819 3524 sermone
849 3455 961 3524 aliena
990 3458 1157 3526 uectanti
1186 3457 1251 3525 sin·
1282 3465 1368 3551 §14-

163 3570 249 3660 gula
269 3571 395 3660 ubique
416 3572 480 3640 hoc
502 3573 721 3662 spectandum
744 3576 780 3641 et
802 3574 1060 3643 discernendum
1075 3577 1136 3655 est,
1162 3576 1252 3644 sitne

164 3712 234 3758 vox
270 3688 385 3778 aliqua
424 3712 467 3758 ex
501 3689 624 3758 usitati
660 3691 824 3759 sermonis
861 3692 959 3780 copia
996 3715 1040 3760 an
1097 3716 1139 3761 ex
1175 3715 1253 3781 poe·

164 3806 237 3874 tica
262 3804 454 3873 elocutione
486 3810 630 3894 sumpta,
670 3810 772 3894 atque
795 3808 847 3874 sin
868 3808 931 3876 hoc
964 3810 1017 3876 sin
1048 3809 1143 3891 illud,
1178 3832 1254 3898 pos·

165 3922 311 3990 simusna
349 3921 575 4009 complanans
619 3923 719 3990 rebus
759 3925 931 4010 congestis
976 3947 1178 4012 cognoscere
1219 3928 1256 3994 et

163 4037 301 4106 facilius
329 4059 413 4126 quos
430 4024 640 4127 Apollonius
657 4041 777 4126 poetas
800 4041 952 4107 sectatus
976 4040 1031 4122 sit,
1056 4043 1092 4106 et
1120 4040 1156 4107 in
1179 4040 1253 4108 nni-

163 4175 310 4238 versum‚
333 4154 370 4221 in
392 4153 487 4223 cuius
503 4153 643 4222 dialecti
665 4154 884 4223 fundamento
899 4154 1130 4244 Apolloniana
1144 4157 1254 4224 elocu-

163 4271 216 4338 tio
238 4271 352 4360 posita
375 4270 431 4339 sit.
479 4273 532 4339 Ac
552 4271 696 4359 primum
724 4271 858 4360 quidem
887 4271 998 4341 multa
1019 4271 1055 4341 in
1076 4271 1254 4361 Apollonii
