2842 4942
681 357 727 425 ’81

163 532 217 601 ita
246 535 288 602 ut
308 554 510 622 progressus
540 532 576 599 in
604 553 704 600 unam
731 531 935 621 eandemque
965 536 1099 620 partem
1127 531 1251 601 directi

161 648 393 718 testimonium
414 650 611 739 praebeant.

292 766 475 854 τεθηκέναι
498 766 565 848 ΠΙ,
590 765 655 834 215
865 765 1075 854 (θαυμάζειν)

293 886 525 952 παλάσσεσθαι
547 883 575 969 Ι,
598 883 663 950 358
863 882 1036 972 (κληροῦν)

292 1004 460 1090 μύρεσθαι
480 1001 546 1087 ΠΙ,
570 1002 634 1068 656
865 999 1043 1088 (οἰμώζειν)

293 1132 450 1206 καναχετν
472 1119 534 1204 IV,
559 1119 622 1186 907
645 1117 745 1205 μέλος

293 1238 450 1324 φνσιάειν
471 1236 519 1320 Π,
542 1236 586 1304 87
864 1234 1002 1324 (φυσᾶν)

295 1354 477 1440 ἀπολήγειν
499 1352 563 1436 IV,
586 1353 650 1420 767
868 1351 1092 1439 (ἀποπαύειν).

252 1470 426 1539 ἐκαίσσειν
449 1471 478 1555 Ι,
503 1470 605 1537 1254:
638 1471 767 1556 γυμνὸν
791 1469 959 1537 ἐπαίσσων
980 1469 1114 1555 παλάμῃ
1137 1468 1248 1554 ξίφος,

161 1612 228 1678 quo
251 1610 324 1656 cum
345 1612 410 1657 usu
433 1587 655 1656 conferendus
680 1590 733 1655 est
754 1585 960 1675 tragicorum
970 1585 994 1673 1)
1016 1586 1118 1674 Soph.
1134 1585 1189 1653 Ai.
1206 1585 1249 1652 40

160 1697 240 1794 ᾖξεν
261 1705 342 1794 χέρα
349 1730 357 1792 ;
381 1705 461 1773 Eur.
486 1703 567 1773 Hec.
585 1704 670 1771 1071
694 1704 768 1771 πόδ’
793 1702 922 1792 ἑπᾴξας.

249 1825 376 1908 κηκίειν
390 1822 452 1906 IV,
459 1822 539 1888 929:
556 1823 688 1908 θερμὴν
699 1823 746 1887 ἔτι
762 1825 856 1907 κήκιε
870 1824 992 1898 πόντος
1007 1821 1151 1906 ἀυτμήν,
1165 1819 1248 1888 intr.

162 1942 277 2007 autem
299 1940 433 2029 saepius
456 1939 647 2026 invenitur3
671 1937 853 2007 transitive
877 1937 986 2006 Nonn.
1009 1938 1052 2005 D.
1068 1937 1150 2017 XII,
1174 1938 1248 2005 359.

163 2057 354 2142 ἀνακηκίειν
376 2056 438 2141 IV,
463 2057 543 2123 599:
566 2059 675 2143 βαρὺν
705 2056 874 2142 ἀνακηκίει
902 2055 1016 2141 ἀτμόν.
1070 2055 1144 2122 Ηοο
1172 2077 1249 2124 ver·

162 2177 250 2256 bum,
275 2173 365 2262 quod
389 2172 584 2242 Thesaurus
608 2196 650 2241 ex
671 2172 881 2262 Hippocrate
904 2195 1034 2261 quoque
1058 2175 1169 2257 affere,
1194 2172 1248 2240 de-

163 2293 334 2358 monstrat
355 2290 488 2379 pariter
511 2312 550 2359 ac
571 2315 603 2358 v.
622 2291 802 2374 ε’παίσσειν,
827 2293 955 2377 quanta
978 2289 1084 2358 fuerit
1106 2288 1248 2357 libertas

164 2431 269 2475 unum
298 2407 452 2496 idemque
482 2409 619 2476 verbum
650 2406 748 2475 mcdc
777 2405 961 2475 transitive
989 2406 1046 2475 vel
1075 2406 1250 2474 causative

164 2524 262 2593 modo
293 2524 511 2594 intransitive
532 2524 730 2613 usurpandi.
778 2525 872 2609 Quae
895 2548 968 2592 cum
992 2547 1122 2613 semper
1145 2524 1249 2594 Grae·

165 2664 279 2710 corum
300 2642 438 2730 linguae
460 2644 547 2727 erat,
579 2645 654 2710 tum
690 2646 806 2711 aetate
836 2642 1026 2731 posteriore
1056 2662 1248 2731 permagna,

165 2782 240 2826 cum
274 2759 358 2828 fines
389 2758 496 2828 activi
532 2759 698 2848 mediique
736 2758 1008 2828 diffunderentur
1017 2759 1052 2845 ²).
1102 2759 1161 2826 Ita
1182 2758 1249 2847 Ap.

165 2878 271 2944 verba
293 2876 386 2960 ζέειν,
410 2876 560 2958 ἀναζέειν
581 2876 644 2963 IV,
661 2877 741 2944 391:
765 2877 810 2956 ὣς
833 2877 904 2964 φάτ’
925 2875 1121 2951 ἀναζείουσα
1142 2879 1250 2963 βαρὺν

164 2996 284 3080 χόλον,
329 2993 396 3076 ΠΙ,
424 2993 506 3062 273:
544 2993 596 3061 σοὶ
630 2993 667 3060 δὲ
695 2995 814 3083 λοεκρά
845 2993 926 3081 πνρὶ
960 2993 1050 3080 ζέον,
1096 2993 1251 3080 προρέειν

166 3109 233 3194 ΙΠ,
258 3110 340 3177 225ε
364 3110 421 3195 ἥδ’
448 3110 496 3197 ἀρ’
521 3110 615 3196 ὕδωρ
637 3111 833 3199 προρέεσκε,
868 3111 1051 3179 transitive
1074 3109 1253 3198 usurpavit

165 3229 202 3294 et
224 3228 327 3296 verba
350 3228 391 3295 ab
424 3226 501 3295 aliis
532 3226 711 3317 praecipue
740 3226 857 3295 ionicis
891 3227 1111 3317 scriptoribus
1135 3227 1252 3296 eadem

163 3344 300 3412 ratione
324 3343 478 3412 adhibita
492 3344 695 3431 ἀνατέλλειν,
719 3346 935 3432 ἀποφθίνειν,
957 3348 1101 3430 κλύζειν,
1122 3349 1251 3431 τεκμαί·

167 3468 299 3548 ρεσθαι,
321 3463 406 3548 ὕειν,
428 3462 695 3549 πεφυλαγμένος,
724 3467 864 3551 χρείειν;
895 3462 1116 3531 intransitive
1138 3465 1251 3532 autem

165 3578 270 3646 verba
284 3578 443 3666 vulgaria
464 3579 611 3665 βάλλειν,
634 3579 774 3660 κε’λλειν,
798 3584 935 3665 κλίνειν,
959 3584 1096 3665 λείπειν,
1119 3582 1250 3662 τείνειν,

164 3695 311 3781 φλέγειν.
357 3696 473 3765 Verba
494 3709 636 3784 μετρεῖν,
660 3702 798 3786 πείρειν,
821 3697 961 3783 τέμνει-ν,
988 3720 1072 3786 quae
1088 3697 1154 3764 huc
1174 3719 1250 3786 per·

163 3813 274 3882 tinere
297 3812 466 3897 videntur,
500 3812 692 3902 significatu
716 3814 868 3898 vehendi,
899 3814 1091 3902 navigandi,
1115 3814 1253 3882 volandi

166 3929 228 4016 (ΙΙ,
252 3929 337 3996 1247
367 3929 485 3997 αὐτίκα
510 3929 540 3996 δ’
563 3920 642 4019 Ἰρις
671 3931 723 3998 ἀπ’
751 3932 947 4017 Οὐλύμποιο
980 3938 1136 4016 θοροῦσα
1155 3930 1160 4018 Ι
1180 3930 1252 4016 κε’μ·

256 4194 283 4262 1)
304 4192 533 4249 Kuehner·Gerth
551 4193 585 4261 II,
604 4195 666 4248 299.

267 4292 296 4364 2)
317 4292 358 4348 Cf.
382 4309 451 4365 quae
471 4293 634 4351 Hataidalu's
651 4293 735 4350 ve1ba
752 4308 838 4365 supra
855 4292 997 4351 attulimus
1015 4309 1042 4362 p.
1059 4295 1097 4350 20
1114 4289 1177 4349 adn
