2842 4942
695 373 738 440 41

240 536 360 612 'H'aud
391 543 495 612 aliter
525 564 579 612 res
602 541 763 611 sehabet
794 543 830 610 in
852 539 965 610 verbis
998 542 1189 611 θέσσασθαι
1220 547 1258 614 ei

173 665 328 750 όμβρετν;
351 661 414 729 hoc
436 663 552 730 exstat
574 661 639 746 ΙΙΙ,
665 661 749 728 1399
772 663 857 739 Διὸς
879 663 1004 728 ἄσπετα
1025 662 1258 750 ὀμβρήσαντος

173 785 209 849 et
231 780 312 848 Hes.
337 803 389 868 op.
405 779 469 846 415
492 782 725 866 μετοπωρινὸν
748 779 1002 867 ὀμβρήσαντος)
1023 781 1146 865 Ζηνός,
1170 779 1257 848 illud

172 898 286 986 posuis
300 897 367 986 Ap.
390 896 418 982 Ι,
435 895 502 962 824
522 895 729 980 θεσσάμενοι
752 897 882 962 παίδων
905 894 1011 980 γένος,
1033 895 1196 980 imitatus,
1220 897 1255 965 id

173 1015 261 1103 quod
283 1014 383 1082 schol.
404 1012 647 1082 animadvertit
668 1012 768 1079 huius
790 1012 865 1096 loci,
888 1012 1030 1080 Hesiodi
1045 1036 1188 1098 versum,
1212 1014 1256 1081 fr.

171 1132 237 1199 210
251 1132 322 1216 Rz:
345 1131 554 1216 δασσάμενος
576 1131 695 1215 γενεὴν
720 1131 907 1196 Κλεοδαίου
928 1131 1142 1216 κυδαλίμοιο,
1167 1131 1256 1218 quod

170 1250 311 1317 verbum
342 1247 551 1316 rarissimum
592 1248 847 1336 usurpaverunt
877 1245 1008 1313 Archil.
1040 1246 1154 1335 (schol.
1188 1248 1254 1336 Ap.

169 1366 198 1450 Ι,
221 1365 298 1452 824)
321 1367 358 1432 οδ
378 1364 476 1432 Pind.
499 1364 595 1434 Nem.
619 1364 661 1449 V,
688 1364 739 1431 18.

258 1484 447 1570 ἀμαρύσσω.
470 1480 551 1550 Hes
575 1482 624 1550 dh.
648 1481 713 1548 827
736 1482 772 1549 ἐκ
795 1481 835 1549 δέ
856 1483 891 1549 οό
911 1485 1022 1548 ὅσσων
1032 1477 1152 1568 -πῦρ
1176 1482 1256 1568 ἀμόν

170 1617 295 1687 ρυσσεν
330 1622 429 1670 sensu
461 1599 683 1668 intransitiva
716 1600 770 1687 ἄμ.
803 1599 952 1687 positum
984 1603 1037 1668 est
1068 1601 1186 1688 (trans.
1219 1600 1252 1667 h.

170 1717 271 1785 Mers.
295 1717 381 1805 278),
414 1740 481 1806 qua
502 1718 539 1786 vi
560 1718 626 1806 Ap.
649 1741 728 1786 usus
751 1720 805 1786 est
833 1717 942 1785 medio
974 1716 1036 1802 IV,
1062 1717 1125 1784 178
1147 1699 1256 1803 χθων-Ι

170 1835 378 1921 ἀμαρύσσετο
401 1835 475 1924 (IV,
498 1836 606 1924 1146).
651 1836 750 1919 Quod
781 1839 922 1905 verbum
954 1835 1084 1925 epicum
1113 1857 1254 1923 usurpa·

168 1957 292 2021 verunt
314 1953 486 2041 Oppianus
509 1976 641 2042 quoque
663 1952 750 2042 Cyn.
774 1953 820 2039 II,
845 1953 909 2020 596
932 1955 968 2021 ei
991 1952 1141 2021 Nonnus.

256 2070 435 2156 δεξιόομαι.
458 2070 489 2136 h.
513 2071 609 2141 Hom.
633 2070 695 2155 VI,
721 2070 762 2138 16
794 2071 830 2138 οό
854 2070 883 2135 δ’
907 2071 1091 2155 ἠσπάζοντο
1124 2071 1254 2148 ἰδόντες

168 2192 265 2275 χερσί
283 2212 318 2255 τε
341 2186 518 2267 δεξιόωντο
529 2186 563 2274 1).

254 2304 320 2389 ΙΠ,
343 2304 408 2372 258
442 2305 487 2381 ὣς
520 2302 557 2370 δὲ
591 2303 646 2370 καὶ
680 2303 775 2371 αὐτοὶ
800 2303 805 2390 Ι
828 2302 953 2389 μητέρα
987 2303 1164 2384 δεξιόωντο
1198 2303 1253 2370 καί
1279 2352 1283 2361 ·

168 2423 408 2509 ἀμφαγάπαζον
431 2424 561 2499 ἰδόντες
590 2424 627 2490 οδ
648 2421 694 2506 ΙΙ,
718 2422 783 2488 754
805 2421 908 2489 αὐτὸν
930 2421 959 2489 δ’
984 2424 1067 2489 ὥστε
1081 2424 1165 2489 θεὸν
1188 2426 1255 2488 Πο·

167 2541 330 2607 λυδεόκεα
352 2541 538 2622 δεξιόωντο.

175 2716 177 2721 ⁴
254 2655 407 2742 εὐμενόω.
439 2656 474 2723 h.
505 2655 604 2724 Hom.
627 2655 747 2725 XXIV
777 2655 936 2746 (Hostia),
970 2658 993 2723 4
1031 2656 1251 2743 εὐμενέουσα;

166 2773 262 2840 Pind.
286 2773 392 2861 Pyth.
417 2773 469 2842 IV
491 2772 656 2862 (Argoa),
682 2772 764 2859 225;
788 2773 854 2862 Ap.
878 2771 1085 2863 frequentat.

253 2890 448 2958 Herodotus
480 2890 523 2976 V,
547 2890 591 2958 60
622 2889 837 2980 epigramma,
878 2892 968 2979 quod
997 2891 1120 2960 Thebis
1151 2891 1248 2979 legit,

165 3009 283 3077 affert:
307 3013 432 3086 Σκαῖος
452 3007 652 3095 πυγμαχέων
674 3033 714 3094 με
738 3007 1091 3098 ἕκηβόίῳἈπόλλωνι
1113 3013 1257 3097 νικήσας

166 3125 319 3212 ἀνέθηκε.
363 3124 438 3193 Ηοο
453 3128 568 3193 autem
582 3126 724 3194 verbum
738 3126 916 3214 πυγμαχέω
934 3127 998 3215 Ap.
1013 3127 1059 3211 ΙΙ,
1073 3126 1137 3195 783
1155 3127 1250 3216 (πυγ-

164 3241 340 3330 μαχέοντα)
372 3241 543 3328 adhibuit;
577 3243 637 3311 sed
666 3265 746 3311 casu
777 3243 977 3312 crediderim
1008 3243 1177 3329 accidisse,
1210 3248 1251 3313 ut

164 3383 224 3428 uos
242 3383 311 3426 uon
333 3359 434 3448 plura
455 3359 555 3427 huius
571 3359 667 3428 verbi
690 3361 843 3450 exempla
864 3362 1062 3448 legeremus,
1086 3385 1159 3430 eum
1181 3362 1249 3429 iam

163 3476 329 3544 Homerus
352 3477 490 3545 vocibus
513 3478 685 3565 πύγμαχος
708 3479 747 3566 (θ
762 3477 839 3566 246)
863 3481 899 3546 et
920 3482 1089 3566 πυγμαχία)
1112 3479 1248 3568 (Ψθὸδ,

165 3593 242 3681 665)
263 3616 344 3662 usus
367 3593 423 3662 sit.

252 3709 401 3779 Verbum
434 3709 548 3799 φ’έρβω
583 3718 706 3796 autem,
755 3713 845 3801 quod
876 3713 1052 3781 iuvenitur
1084 3713 1116 3780 h.
1148 3713 1246 3782 Hom.

163 3826 275 3911 XXX,
297 3828 319 3893 4
342 3832 378 3896 et
400 3828 491 3917 apud
511 3829 730 3918 Apollonium
760 3851 924 3918 persaepe
947 3832 987 3917 (e.
1011 3853 1061 3918 gr.
1084 3830 1113 3914 I,
1139 3831 1247 3918 1211),

162 3955 368 3966 --—-.

254 4007 280 4075 1)
300 4005 340 4060 ita
365 4006 437 4061 euim
461 4007 528 4076 legit
547 4006 589 4062 cd.
608 4007 648 4075 133
676 4013 760 4075 atque
788 4007 951 4063 servandam
978 4023 1039 4063 esse
1065 4009 1136 4062 hauc
1161 4009 1246 4078 scrip-

162 4110 251 4160 turam
270 4106 390 4174 probare
402 4106 530 4163 videntur
541 4108 726 4177 Apolloniaua
744 4108 824 4163 huius
840 4108 916 4162 verbi
935 4109 1074 4178 exempla;
1094 4105 1246 4179 δεξιόοντο,

163 4221 244 4275 quam
262 4207 397 4276 praebent
424 4207 803 4279 cetericdd.formam,.ve1
830 4225 863 4263 ex
890 4225 922 4264 οο
949 4210 996 4265 est‘
1018 4215 1154 4279 suspecta,
1182 4211 1247 4278 quia

163 4323 223 4362 cum
241 4310 325 4364 verbo
346 4309 455 4364 solutae
474 4310 609 4366 orationis
629 4307 774 4381 δεξιόομαι
794 4310 928 4380 congruit.
