2842 4942
688 381 731 449 19

165 551 369 640 ίκιχησάμην
405 552 575 623 adhibitas
612 577 687 623 esse
724 555 863 624 videbat
900 557 1080 648 eademque
1117 559 1252 628 talione

165 668 295 737 formae
316 675 494 757 κιχήσομαι
517 671 651 740 addidit
673 676 807 757 κιχήσω.

166 837 170 845 .
253 784 423 875 Persaepe
451 790 565 856 autem
597 787 728 856 factum
762 811 842 873 esse,
876 792 917 858 ut
949 812 1024 858 cum
1056 791 1122 859 eali
1153 793 1252 862 modo

164 901 263 970 unius
283 904 382 972 verbi
396 903 525 972 formae
546 906 638 974 inter
660 929 696 973 se
720 905 900 974 concinnae
923 907 1155 992 redderentur,
1179 912 1253 977 tum

165 1020 281 1089 activa
316 1021 435 1088 future
479 1019 692 1112 depellerent
731 1023 851 1108 madia,
896 1024 1013 1094 mullis
1051 1024 1252 1095 Hatzidalris

165 1136 328 1226 exemplis
351 1139 467 1207 allatis
490 1139 782 1229 demonstravil1).

252 1252 352 1323 Arai.
375 1255 496 1344 phaen.
519 1257 600 1324 372:
625 1251 737 1326 οἷοίτε
759 1260 867 1326 πολλὰ

252 1371 358 1458 ἑξείης
380 1377 562 1459 στιχόωντα
584 1374 783 1461 παρέρχεται
806 1376 889 1442 αὐτοὶ
910 1375 1065 1460 κέλευθα,

164 1487 314 1577 positum
330 1493 385 1558 est
400 1494 582 1577 στιχόωντα
605 1492 722 1559 eadem
743 1491 779 1561 vi
800 1492 992 1580 praeditum
1013 1496 1116 1581 alque
1131 1493 1252 1561 Home-

166 1605 274 1673 ricum
296 1608 503 1694 ἐστιχόωντο,
527 1608 548 1674 i.
563 1629 590 1675 a.
603 1608 639 1676 vi
654 1607 877 1696 ingrediendi.
923 1609 1027 1679 (iuius
1050 1633 1166 1678 versus
1189 1610 1252 1677 ini·

165 1720 253 1790 tium
268 1722 333 1810 Ap.
355 1722 445 1808 I‚30
467 1722 595 1811 (φηγοὶ)
617 1723 722 1808 ἑξείης
742 1728 920 1811 στιχόωσιν
943 1725 1117 1813 ἐπήτριμοι
1139 1726 1250 1794 imita·

162 1839 220 1906 lus
242 1839 417 1908 nolionem
433 1840 532 1909 verbi
548 1839 601 1909 ita
617 1841 775 1926 mutavit,
798 1845 839 1910 ul
863 1842 909 1910 sil
926 1842 1044 1926 ordine
1061 1846 1163 1927 stare,
1187 1866 1255 1910 non

161 1955 231 2024 iam
251 1956 369 2025 ordine
383 1956 451 2043 ire;
475 1979 540 2046 quo
557 1980 630 2026 cum
645 1981 710 2026 usu
725 1959 784 2025 css,
800 1960 901 2027 Arai.
920 1960 980 2028 191
999 1960 1133 2043 ἀστέρες
1148 1962 1184 2027 οἴ
1196 1985 1253 2046 μιν

158 2072 414 2162 (Κασσιέπειαν)
427 2084 537 2142 πᾶσαν
553 2075 737 2162 ἐπιρρήδην
749 2081 934 2162 στιχόωσιν,
953 2076 1127 2163 „stellen“.
1150 2077 1252 2144 Illum

163 2195 278 2260 audem
290 2191 396 2261 Aradi
410 2215 507 2260 usum
529 2192 684 2261 imitatus
701 2198 753 2262 est
769 2193 922 2261 Moschus
937 2193 1020 2280 Εύρ.
1037 2194 1110 2260 142.
1127 2195 1204 2261 ούτε
1221 2218 1252 2260 τι

163 2319 282 2393 ταῦροι
306 2309 343 2376 έν
365 2312 477 2396 πόντῳ
501 2313 665 2396 στιχόωσι.
712 2309 839 2393 Quibus
873 2308 909 2374 in
937 2309 1056 2377 formis
1087 2309 1251 2379 novandis

162 2449 194 2495 v.
218 2429 361 2511 στείχειν
393 2425 522 2514 aliquid
544 2426 690 2495 valuisse
711 2423 813 2493 facile
844 2425 910 2492 tibi
939 2426 1155 2513 persuadeas.
1200 2426 1253 2494 Ac

163 2542 264 2610 simili
296 2543 430 2612 ratione
463 2542 627 2631 explicari
662 2565 761 2630 posse
794 2541 941 2627 videtur,
977 2542 1066 2630 quod
1090 2542 1157 2630 Ap.
1191 2565 1252 2632 pro

165 2657 307 2728 Homeri
343 2684 374 2730 v.
413 2660 586 2746 ἑόριάομαι
623 2660 690 2744 ΙΠ,
723 2660 786 2726 170
824 2658 1043 2745 (ἑδριόωντες,
1083 2658 1251 2747 sedentes)

165 2774 287 2864 έόριάω
310 2778 501 2866 usurpavit,
535 2777 623 2845 siout
646 2777 786 2844 Theocr.
811 2781 913 2844 Πτοί.
938 2776 979 2842 19
1002 2774 1142 2862 ἑδριάεις
1177 2797 1252 2843 auc·

164 2893 290 2962 'coritas
307 2894 395 2962 enim
410 2896 591 2964 verborum
613 2893 680 2980 ίφ-,
705 2916 797 2979 παρ,
821 2894 1013 2977 σονεόρεύω
1035 2892 1099 2960 hoo
1120 2891 1253 2960 efficere

162 3013 310 3098 poterat.

251 3128 299 3212 H,
324 3127 404 3194 332:
429 3127 499 3195 ἀλλ’
524 3124 562 3196 εὖ
584 3129 805 3213 καρτύναντες
829 3127 899 3205 ἑαῖς
921 3125 971 3192 cvl
992 3124 1106 3213 χερσὶν
1134 3125 1253 3211 ἐρετμά

164 3244 271 3315 activi
295 3268 393 3312 usum
415 3245 512 3315 verbi
535 3247 721 3332 καρτύνειν,
756 3244 848 3332 cuins
871 3243 1015 3310 medium
1037 3242 1135 3310 Hom.
1158 3243 1252 3312 adhi-

164 3363 288 3431 buerat
296 3363 532 3448 (ἐκαρτύναντο
545 3363 737 3448 φάλαγγας),
750 3361 851 3430 facile
861 3360 1055 3448 intellegas,
1073 3359 1103 3427 si
1113 3362 1254 3429 verbum

164 3480 343 3563 κρατύνειν
365 3478 533 3566 respicias.
579 3477 681 3547 Vocis
704 3480 884 3564 πεμπάζειν
916 3478 1073 3560 activum,
1105 3476 1195 3566 quod
1216 3478 1253 3545 in

164 3595 295 3684 Argon.
317 3596 364 3680 II,
388 3596 462 3681 995,
486 3595 549 3679 IV,
575 3595 659 3662 1742
683 3598 808 3679 exstat,
831 3618 906 3663 cum
928 3597 970 3663 ab
991 3595 1068 3662 aliis
1091 3598 1163 3662 tum
1186 3595 1253 3661 iam

168 3714 211 3780 ab
233 3711 406 3801 Aeschylo
430 3713 526 3780 Eum.
551 3713 616 3780 748
638 3711 808 3798 πεμπάζετ’
835 3713 948 3797 ὀρθῶς
969 3711 1107 3797 ἐκβολάς
1129 3714 1253 3796 ψήφων

165 3832 366 3918 usurpatum
390 3832 459 3915 θείς
484 3828 519 3895 id
535 3829 625 3916 quod
639 3828 680 3896 de
696 3829 846 3913 ἀμείβειν
861 3849 991 3916 quoque
1007 3827 1143 3909 dicitur,
1168 3847 1253 3914 quae

165 3969 233 4015 vox
255 3945 322 4014 iam
345 3945 436 4035 apud
459 3944 670 4014 Herodotum
693 3945 735 4028 V,
760 3946 801 4011 72
825 3943 939 4014 activa
962 3946 1085 4012 exstat.

259 4130 286 4198 1)
307 4129 468 4199 Einleitung
495 4130 524 4184 in
552 4127 597 4185 dio
623 4145 717 4200 neugr.
746 4129 838 4184 Gran.
866 4129 980 4198 p.175;
1008 4127 1039 4183 G.
1059 4126 1102 4182 W.
1123 4123 1252 4197 Schmidt,

167 4223 211 4279 De
232 4221 274 4279 Fl.
294 4223 352 4279 Jos.
372 4219 525 4279 elocutione
544 4239 571 4292 p.
590 4221 642 4276 446
654 4237 675 4276 s.

998 4321 1043 4387 2*
