2834 4942
577 358 619 426 51

10 596 12 613 ,
54 531 168 616 δόμος,
189 532 318 616 δωμᾶν
330 532 562 621 coniungenda
584 534 687 600 sunt·
718 531 802 600 Cum
824 533 912 601 euim
933 531 1106 601 Nauekius
1114 531 1141 620 ¹)

10 630 12 637 ⁵
55 670 171 716 vocem
198 659 315 735 νωμᾶν
346 671 447 718 uuam
480 672 500 718 e
530 649 628 717 huius
659 649 751 717 modi
783 649 956 717 vocabulis
991 652 1141 719 ¹veterem

56 787 128 833 esse
151 765 454 852 demonstraverit,
489 769 604 853 δωμᾶν
627 788 758 855 quoque
779 766 845 835 'huc
865 766 1046 835 referenda
1068 789 1141 835 esse

55 881 211 964 videtur,
249 905 334 972 quae
369 906 442 951 cum
474 884 537 951 illa
570 883 633 952 hoc
665 884 790 952 habeat
823 906 1009 968 commune,
1052 883 1142 972 quod

55 1021 163 1088 neque
201 1002 318 1086 δομεῑν
355 1023 464 1089 neque
500 1013 619 1087 κομεῖν
652 1001 885 1087 inveniuntur,
922 1001 989 1069 nisi
1025 1002 1142 1087 δομεῑν

56 1115 289 1185 recentissima
310 1121 436 1203 aetate
459 1119 556 1188 velut
578 1118 668 1208 apud
690 1117 874 1186 Arrianum
896 1140 949 1186 an.
973 1118 1003 1203 7,
1027 1119 1079 1185 22.

141 1233 215 1303 Nos
237 1237 377 1305 verbum
399 1238 552 1322 μυδαίνω
573 1235 664 1324 apud
676 1235 933 1326 Lycophronem
948 1236 1034 1304 1008
1056 1238 1142 1302 ἔνθα

55 1353 209 1437 μοδοιόνει
231 1363 346 1432 ποτοῖς
364 1353 370 1441 t
386 1352 564 1440 ’όδκίνοιρος
581 1362 645 1439 γῆν
668 1355 706 1422 et
726 1352 944 1441 Apollonium
966 1352 1032 1436 ΠΙ,
1056 1351 1141 1419 1042

55 1470 207 1555 μυδήνας
227 1471 303 1536 τόδε
327 1470 504 1557 φάρμακον
526 1468 605 1557 (111,
630 1468 729 1557 1247)
758 1447 1040 1559 1οςίωιοε,ἐο]ιιε
1061 1491 1142 1537 casu

56 1584 218 1654 accidisse
240 1586 389 1672 videtur,
411 1589 453 1653 ut
474 1586 558 1654 haec
579 1589 715 1654 tantum
737 1586 828 1654 vocis
849 1586 1005 1676 exempla
1028 1608 1141 1655 serva·

55 1705 187 1788 rentur,
219 1703 298 1791 quia
319 1696 374 1772 hic
395 1704 567 1772 notionem
589 1702 750 1792 liquaudi,
780 1703 852 1772 illic
873 1703 1043 1771 madidum
1065 1703 1142 1771 red-

56 1818 158 1888 dendi
175 1824 329 1910 usurpat,
353 1821 495 1889 tertiam
516 1824 629 1889 autem
652 1822 757 1889 affert
771 1820 974 1908 Hesychius,
998 1821 1057 1909 qui
1077 1843 1141 1909 pro

10 2000 12 2013 ,
56 1941 175 2024 σήπειν
197 1937 276 2026 poni
299 1937 392 2007 dicit.
447 1938 610 2007 Continet
636 1937 745 2026 igitur
772 1937 836 2006 hoo
864 1939 1005 2007 verbum
1028 1937 1143 2006 activa

54 2055 89 2125 vi
112 2076 171 2124 eas
194 2054 359 2140 notiones,
384 2077 465 2144 quas
488 2056 604 2142 μοδόω
626 2053 859 2123 intransitiva.

10 2168 12 2175 ’
141 2171 194 2241 At
215 2175 354 2241 verbum
377 2174 490 2240 δύπτω
513 2174 617 2261 poeta
638 2193 680 2239 ex
697 2171 931 2260 Lycophronis
953 2170 1143 2260 glossarum

55 2289 152 2380 copia
190 2289 367 2379 sumpsisse
401 2288 552 2359 videtur:
591 2288 736 2374 1‚1008
769 2288 804 2367 ἐς
837 2288 987 2376 ἁλμυρὸν
1020 2289 1142 2376 ἀθρόοι

54 2407 147 2493 ὕδωρ
184 2408 366 2486 δύπτοντες
401 2409 549 2494 κεφαλὰς
585 2404 639 2472 καὶ
674 2409 816 2493 στήθεος
855 2404 999 2489 1‚1326
1032 2408 1143 2472 νειόθι

56 2526 181 2610 δύψας;
221 2522 285 2593 hac
315 2523 537 2594 intransitiva
567 2523 602 2592 vi
629 2523 712 2612 Lyc.
735 2523 799 2590 715
829 2525 913 2609 πρὸς
942 2533 1030 2607 κῦμα
1061 2526 1144 2590 δυκ-

56 2643 179 2721 τούσοις
201 2653 335 2730 πτεροῖς
366 2643 402 2710 et
425 2642 490 2709 164
511 2644 613 2724 rocos
635 2639 778 2727 Νηρέως
801 2643 935 2726 δόμους.
981 2639 1048 2708 Sed
1070 2661 1143 2707 eum

56 2758 123 2827 iam
159 2758 383 2827 Antimachus
421 2757 478 2846 (fr.
503 2759 579 2846 tB)
625 2759 688 2826 hoc
723 2757 886 2827 vocabulo
925 2780 1005 2826 usus
1041 2759 1142 2841 resset,

55 2879 237 2965 utrumque
260 2899 302 2944 ex
323 2875 393 2959 illo,
417 2878 458 2943 ut
480 2875 616 2961 soleret,
639 2874 778 2965 petiisse
801 2874 994 2944 credideris.

144 2993 317 3077 Quattuor
339 2992 460 3061 deinde
481 2993 586 3063 verba
607 2991 836 3078 inveniuntur,
859 3013 945 3080 quae
967 2991 1010 3058 ab
1029 2990 1142 3059 Arato
1161 3010 1181 3095 ρ
1203 3009 1256 3076 20,

55 3112 186 3180 novata
209 3110 423 3202 Apollonius,
459 3134 556 3199 quem
578 3134 646 3179 non
669 3110 804 3198 singula
825 3112 959 3178 tantum
982 3109 1144 3177 vocabula

62 3226 156 3296 illius
179 3227 345 3316 recepisse
367 3231 509 3311 constat,
533 3227 671 3316 recepit.

146 3345 247 3414 Arat.
270 3346 335 3414 856
358 3343 411 3412 ταὶ
434 3344 462 3410 δ’
487 3344 576 3432 ἀμφί
598 3370 657 3429 μιν
680 3347 764 3411 ἔνθα
787 3342 842 3410 καὶ
864 3346 950 3411 ἔνθα

146 3461 278 3540 ἀκτῖνες
299 3464 469 3548 μεσσηγὺς
491 3458 770 3544 ἑλισσόμεναι
794 3461 1039 3546 διχόωνται;

145 3565 213 3668 Αμ.ι
233 3576 297 3663 IV,
321 3577 407 3645 1616
442 3576 557 3646 eodem
579 3599 696 3646 versus
719 3575 807 3662 loco,
838 3575 898 3644 ubi
931 3575 973 3643 de
1004 3571 1145 3644 Tritone

60 3693 195 3779 dicitur,
219 3697 319 3762 κόπτε
343 3693 371 3759 δ’
395 3684 560 3773 ἀκάνθαις

146 3811 376 3900 taposirim,
400 3813 437 3879 οἵ
455 3836 490 3879 τε
513 3818 661 3889 σκολιοῖς
683 3810 850 3878 ἐπινειόθι
872 3809 1022 3896 κέντροις

147 3932 255 4016 μήνης
270 3929 315 4008 ὡς
328 3929 505 4015 κεράεσσιν
527 3927 774 4014 ἐειδόμεναι
796 3929 1014 4013 διχόωντο.
1048 3925 1146 4010 Quod

58 4046 218 4126 verbum,
256 4045 350 4114 cuius
387 4044 536 4114 activum
571 4044 702 4134 legitur
732 4044 832 4112 Arat.
863 4043 936 4127 512,
967 4043 1040 4126 606,
1069 4042 1144 4126 773,

147 4289 181 4361 -1)
200 4286 580 4359 neocaesarea-romans
599 4288 645 4358 IV,
664 4288 813 4347 sss-593.

893 4385 936 4457 4*
