2842 4942
685 365 727 432 35

253 515 405 610 Verbum
427 520 567 627 λιμαίνω
590 541 636 628 (Α
648 542 711 608 685
727 545 869 627 κήρυκες
884 527 1106 628 λιμαόνουσιν)
1129 528 1251 610 avoce

162 655 310 725 humana
331 658 539 726 translatum
562 660 616 725 est
639 657 682 726 ad
703 658 802 746 lyrae
818 681 950 726 sunum:
975 646 1002 742 Ι,
1019 659 1084 726 740
1103 657 1253 746 Ἀμφίων

165 772 292 862 χρυσέη
315 775 477 862 φόρμιγγι
500 777 669 860 λιγαίνων.
821 761 823 766 ⁵

252 889 336 959 κλᾶν
358 895 459 960 νόοντ
491 891 554 973 IV,
579 893 664 960 1078
686 893 806 979 κούρη·
828 893 911 958 κατά
932 916 989 978 μοι
1011 895 1093 958 νόον
1115 895 1253 958 ἔκλασεν

165 1008 342 1093 ἀντιόωσα,
365 1008 425 1077 ubi
439 1008 605 1076 ἀντιόωσα
619 1010 781 1099 precandi
796 1009 1006 1098 supplicandi
1028 1008 1253 1098 significatum

164 1124 279 1211 habet,
310 1128 352 1224 ut
383 1124 460 1194 aliis
493 1149 624 1215 quoqne
654 1127 748 1195 locis.
795 1126 878 1195 Cum
902 1125 988 1194 enim
1018 1126 1109 1214 apud
1129 1126 1252 1194 Home-

166 1253 240 1310 rum
263 1244 368 1312 verba
392 1243 517 1311 ἀντιόω
540 1242 721 1330 άντιρολέω
744 1245 883 1329 άντομαι
905 1242 991 1310 nihil
1015 1234 1087 1310 ¹nisi
1120 1243 1253 1312 obviam

166 1381 217 1445 eo,
238 1359 348 1428 incido
373 1360 573 1448 significent,
596 1365 717 1450 postea
738 1363 879 1430 verbum
895 1360 1075 1447 άντιβολέω
1100 1355 1251 1429 omnibus

164 1475 332 1545 usitatum
342 1477 548 1567 implorandi
562 1479 734 1547 notionem
746 1478 885 1566 accepit,
901 1481 942 1545 ut
954 1499 974 1545 a
985 1476 1120 1545 Latinis
1137 1477 1253 1545 eodem

166 1592 241 1662 eum
263 1614 363 1663 sensu
387 1594 491 1679 adire,
515 1617 537 1662 a
557 1595 653 1664 nobis
686 1595 876 1683 ,εωςοόιοωα
902 1594 1044 1681 dicitur;
1074 1594 1126 1662 ita
1147 1594 1253 1682 Apol-

164 1708 277 1778 lonius
293 1733 424 1800 quoque
448 1733 548 1800 saepe
559 1712 600 1798 (e.
612 1735 663 1800 gr.
676 1712 741 1796 ΙΙΙ,
756 1711 832 1806 179)
847 1711 909 1779 illa
929 1712 1069 1780 notione
1090 1735 1172 1780 usus
1189 1714 1251 1780 est.

254 1827 364 1897 Verbi
385 1834 499 1897 autem
515 1831 653 1914 ἄντομαι
670 1829 904 1917 metaphoram
926 1829 1066 1918 primus,
1090 1829 1179 1918 quod
1193 1851 1253 1897 nos

166 1942 301 2032 quidem
316 1943 498 2030 videamus,
516 1944 717 2013 adhibuerat
732 1945 952 2033 Empedocles
968 1946 1012 2012 fr.
1028 1946 1058 2030 4,
1072 1946 1142 2028 41),
1159 1944 1252 2013 cuius

165 2059 316 2148 vestigia
329 2060 551 2150 Apollonium
573 2069 723 2130 secutum
740 2084 814 2130 esse
830 2084 934 2151 supra
949 2061 1253 2130 demonstravimus

166 2177 212 2265 (p.
224 2177 277 2265 4);
299 2177 372 2265 ipse
384 2177 473 2245 dixit
487 2200 515 2245 e.
527 2202 580 2267 gr.
593 2179 655 2265 IV,
670 2179 756 2247 1096
768 2179 813 2258 ὣς
824 2179 913 2265 ἔφαν)
930 2178 1103 2264 ἀντομένη.
1126 2178 1254 2246 Eadem

167 2292 289 2362 deinde
306 2294 441 2363 ratione
455 2295 563 2362 tertio
581 2318 712 2384 quoque
726 2297 839 2380 verbo,
860 2296 993 2380 ἀντιόω,
1010 2294 1169 2383 precandi
1186 2295 1253 2383 sig-

166 2408 341 2479 nificatum
358 2411 423 2500 Ap.
447 2412 549 2480 dedit.
590 2413 799 2502 Quamquam
825 2415 939 2480 autem
963 2436 1043 2481 usus
1069 2414 1251 2482 verborum

167 2507 308 2615 ἄντομαι
337 2532 373 2597 et
400 2529 539 2612 ἀντιάζω
562 2530 649 2598 idem
673 2530 851 2618 permultis
874 2531 1084 2618 tragicorum
1099 2530 1181 2598 locis
1198 2552 1252 2597 ex·

166 2647 249 2730 stat,
266 2647 380 2715 tamen
397 2647 570 2735 quominus
586 2646 724 2714 illorum
735 2647 945 2715 auctoritate
959 2653 1095 2735 poetam
1111 2646 1254 2714 adstric-

165 2763 240 2830 tum
265 2773 337 2830 esse
360 2763 545 2849 credamus,
569 2764 801 2832 testimonium
822 2764 964 2852 impedit
986 2762 1254 2852 Empedocleum.

167 2877 244 2960 Qua
275 2901 314 2947 re
347 2880 487 2949 adducti
509 2880 585 2949 aliis
609 2904 740 2970 quoque
762 2881 845 2949 locis
868 2881 926 2948 ubi
949 2880 1124 2968 Apollonii
1146 2900 1253 2947 sermo

166 2993 211 3061 ad
232 2995 402 3084 tragicum
423 2999 604 3087 tantopere
634 2997 773 3082 accedit,
807 2998 945 3086 utrique
975 2998 1104 3086 epicum
1125 2996 1255 3064 fontem

167 3115 320 3182 exstasse
337 3115 464 3204 optimo
479 3116 555 3183 iure
577 3116 741 3203 ponimus,
765 3116 822 3198 sie,
846 3118 886 3182 ut
901 3114 1088 3203 exemplum
1103 3115 1253 3197 afferam,

168 3230 199 3299 si
227 3254 324 3300 usum
352 3232 449 3301 verbi
478 3234 613 3320 χάζομαι
642 3233 847 3322 respicimus.
893 3231 991 3315 Quod
1020 3254 1093 3299 eum
1122 3231 1254 3299 omnino

167 3349 265 3417 Hom.
289 3352 326 3417 et
348 3349 414 3438 Ap.
431 3349 546 3417 eodem
561 3349 658 3416 modu
673 3372 737 3437 pro
753 3371 791 3416 eo
808 3349 897 3437 quod
913 3353 967 3417 est
980 3348 1138 3418 recedere
1159 3371 1255 3416 usur·

166 3465 342 3554 paverint,
385 3466 457 3535 sive
490 3466 645 3535 absolute
679 3466 806 3533 dictum
840 3466 884 3554 (Ε
905 3467 985 3551 702;
1020 3465 1047 3549 Ι,
1071 3466 1147 3551 841)
1183 3466 1254 3534 sive

168 3605 241 3651 cum
264 3582 425 3670 genetivo
449 3570 661 3650 coniunctum
684 3583 731 3650 sit
753 3583 805 3669 (N
817 3583 895 3669 1533
919 3582 984 3666 ΙΙΙ,
1010 3582 1117 3668 1320),
1141 3585 1256 3649 tamen

167 3699 229 3782 IV,
254 3699 318 3766 190
346 3698 460 3785 μηκέτι
483 3709 547 3767 νῦν
569 3700 710 3783 χάζεσθε
734 3703 828 3785 φίλοι
850 3700 1018 3786 πάτρηνδε
1040 3697 1177 3765 νέεσθαι
1208 3696 1256 3764 sic

168 3817 486 3906 interpretabimur:
517 3816 624 3884 nolite
653 3815 721 3884 iam
751 3809 921 3899 cunctari
944 3815 1024 3903 quin
1047 3813 1180 3881 domum
1201 3834 1256 3881 re-

167 3932 351 4003 vertamini
363 3958 371 4021 ς
395 3933 443 4001 sic
464 3935 578 4001 autern
599 3932 743 4021 legimus
766 3933 848 4001 Eur.
872 3931 928 4000 Or.
953 3930 1040 3997 1114
1061 3928 1114 4008 aa
1135 3936 1256 3996 θανεῖν

168 4052 211 4119 οὐ
232 4052 379 4137 χάζομαι.

255 4167 308 4237 At
335 4166 557 4257 Euripideum
580 4188 765 4236 sermonem
796 4163 911 4252 aliqua
931 4163 1062 4231 ratione
1085 4162 1129 4230 ad
1150 4161 1256 4251 Apol·

169 4283 298 4356 lonium
317 4284 386 4358 vim
400 4284 559 4354 habuisse
575 4307 617 4353 ex
631 4307 695 4353 usu
709 4281 807 4353 verbi
820 4283 1018 4370 μνηστεύειν
1032 4277 1254 4368 cognescitur.

1001 4399 1022 4466 3
1031 4402 1047 4439 *
