2842 4942
757 346 801 414 42

235 523 386 590 seierum
406 525 450 591 eb
472 522 624 591 ommius
646 523 721 590 fere
741 521 853 612 poetis
874 523 1076 610 usurpatum
1097 523 1162 604 eui,
1190 521 1328 590 iunieue

237 637 377 707 dialecti
391 639 496 708 fuisse
510 639 656 721 videtur,
679 639 770 728 quod
783 640 820 706 in
834 639 950 707 solutu
963 639 1121 707 erutione
1135 661 1179 706 ex
1191 637 1327 728 Hippus

237 755 343 825 erutis
374 759 510 825 taniam
541 757 678 846 scriptis
701 759 744 841 (e,
766 779 818 844 gr.
841 756 930 845 epid.
953 757 984 836 6,
1007 758 1039 836 5,
1061 756 1096 843 5)
1119 759 1157 824 et
1177 757 1329 824 Areiaei

236 872 282 960 (p.
306 874 369 940 175
381 873 440 960 Κ.)
461 874 616 962 exemplu
646 876 855 957 efferuntu15
886 895 965 941 uum
986 872 1079 941 Plau
1102 873 1187 942 crit.
1211 873 1276 941 115
1290 874 1328 940 A

236 988 368 1059 uodiees
390 989 425 1057 A
445 990 475 1058 F
497 994 638 1077 iuuenes
657 993 835 1080 praebent

322 1108 376 1176 ΑΙ
406 1110 548 1176 verbum
577 1111 766 1193 μαστεύειν,
799 1107 892 1196 (Hes.
922 1107 967 1174 fr.
997 1107 1050 1190 79,
1073 1107 1181 1192 3Rz;
1205 1106 1326 1191 Pinn;

235 1224 336 1310 Eur.;
358 1226 477 1293 erebro
500 1224 590 1314 apud
611 1224 870 1313 Xenophontem
893 1228 929 1293 et
950 1224 1194 1312 Apollonium),
1229 1224 1328 1312 quod

236 1341 345 1410 adhue
373 1342 504 1410 ionieee
533 1341 673 1410 dialecti
701 1342 878 1431 proprium
909 1342 1091 1410 videbatur
1101 1341 1135 1427 ¹),
1169 1340 1325 1408 dorieem

236 1481 352 1528 vocem
365 1459 470 1528 fuisse
484 1458 742 1542 Freenkelius2)
764 1459 878 1527 titulis
899 1458 1024 1526 doricis
1047 1457 1164 1526 allatis
1185 1461 1327 1526 eonten-

236 1577 297 1646 die
336 1576 455 1666 Neque
475 1581 591 1645 iumen
605 1599 721 1645 vocem
736 1577 814 1644 Ἰάδι
830 1575 1086 1645 abiudieundum
1106 1598 1183 1644 esse
1203 1597 1327 1643 eeuseo

234 1695 273 1762 in
293 1694 437 1762 Aretuei
470 1694 665 1763 testimonio
699 1693 840 1776 innisus,
874 1716 972 1784 quem
1007 1692 1159 1761 ummiius
1191 1691 1327 1761 vinias

234 1809 299 1879 hoe
320 1810 489 1879 studuisse
504 1815 648 1898 consini,
672 1817 828 1901 utquam
847 1811 991 1879 maxime
1013 1810 1157 1879 iunicum
1178 1809 1321 1898 seriptis

237 1928 307 1996 suis
331 1928 478 1996 colorem
500 1929 601 1998 duret
614 1929 669 2017 (ef,
685 1930 929 2012 Wilumowitz‚
951 1929 1084 1998 Kultur
1104 1928 1166 1996 der
1188 1927 1327 2016 Gegen·

235 2048 329 2114 wart
349 2046 378 2129 Ι,
402 2047 433 2129 8,
456 2069 489 2134 p.
514 2045 601 2134 145).
646 2046 713 2130 Qui
734 2070 767 2136 p.
792 2048 855 2115 176
866 2047 911 2114 Κ.
934 2045 1020 2114 dicit
1041 2046 1139 2114 haec:
1162 2045 1244 2132 ἀτὰρ
1266 2043 1327 2112 καὶ

237 2166 339 2248 ποίην
361 2163 396 2241 ἐς
419 2165 525 2249 νομὴν
548 2166 626 2251 τῇδε
648 2166 812 2249 μαστεύει.

123 2282 143 2367 ξ
166 2277 217 2345 15.
324 2280 467 2370 Magnus
489 2280 610 2349 deinde
632 2281 788 2370 sequitur
809 2302 969 2350 numerus
991 2303 1108 2350 eorum
1130 2283 1323 2366 verborum,

238 2420 325 2488 quae
346 2420 420 2466 eum
451 2400 531 2466 unte
554 2397 729 2486 Apollonii
762 2401 912 2466 aetutem
943 2399 980 2466 in
1011 2398 1182 2487 epicurum
1202 2398 1328 2465 earmi-

236 2516 334 2583 nibus
356 2538 425 2583 non
453 2515 682 2599 inveniuntur,
713 2519 891 2584 tamenab
914 2515 993 2583 eliis
1016 2517 1053 2584 et
1074 2515 1187 2603 puetis
1209 2516 1247 2582 ei
1270 2538 1326 2583 so·

236 2631 304 2701 luti
326 2633 489 2702 sermonis
520 2632 742 2722 scripturiens
774 2636 942 2722 usurpsiu
973 2635 1082 2701 erunt.
1127 2633 1222 2716 Quae
1244 2631 1326 2699 sim·

236 2750 374 2842 pliciter
395 2751 519 2820 afferre
543 2751 627 2820 sutis
649 2751 768 2835 habeo,
802 2751 921 2839 quibus
942 2749 1030 2818 nihil
1054 2749 1148 2818 uliud
1169 2769 1326 2838 compro·

236 2870 338 2937 betur
358 2868 425 2937 nisi
446 2868 517 2953 hoe,
548 2873 757 2959 quantopere
779 2869 993 2960 Apollonius,
1017 2891 1104 2958 quse
1125 2867 1170 2936 ud
1191 2866 1327 2956 copiam

235 2988 416 3055 uerborum
452 2989 616 3075 speeiem,
657 2987 710 3055 sui
745 2988 908 3076 temporis
945 3010 1009 3055 usu
1043 2988 1079 3054 et
1112 2984 1326 3054 auctoritaie

237 3102 357 3171 duetus
379 3102 437 3171 sit.
482 3103 569 3172 Sunt
590 3105 705 3171 autem
725 3103 824 3173 haee:

280 3218 454 3305 ἆμηχανέω
475 3219 542 3308 Ap.
565 3219 772 3308 frequentes

280 3335 432 3420 ἄναρτάω
454 3336 521 3419 [[[,
546 3337 619 3404 789.

280 3451 424 3537 inseiis
447 3452 476 3536 Ι,
499 3453 564 3520 338
586 3453 630 3522 ul.

279 3570 415 3655 βράσσω
439 3569 485 3654 ΙΙ,
510 3571 583 3637 323.

280 3685 407 3773 ἠρεμέω
422 3688 451 3770 Ι,
464 3686 538 3771 514,
547 3687 629 3756 1771
642 3688 844 3776 praesertim
855 3687 944 3776 spud
959 3687 1143 3774 Plutonem,
1158 3687 1325 3777 Hippocr.

279 3807 427 3887 θεσπίξω
449 3806 477 3888 Ι,
501 3806 576 3891 491,
601 3805 695 3873 1085.

279 3922 444 4008 θιγγάνω.
468 3924 533 4012 Ap.
550 3923 678 3992 norisio
694 3927 829 3993 tunium
845 3947 923 3992 usus
948 3927 1011 4003 est,
1033 3925 1061 4011 Ι,
1074 3925 1147 4010 824,
1172 3925 1234 4011 IV,
1246 3926 1325 4012 931,

366 4042 462 4109 1013.

328 4197 355 4264 1)
374 4195 492 4265 Sauppe,
511 4194 598 4249 Lexil.
618 4195 841 4264 Xenophonteus.

325 4298 354 4369 2)
374 4297 420 4353 Gr.
441 4295 657 4366 Deuominetive,
678 4313 705 4366 p.
724 4301 784 4351 222.
