2842 4942
686 363 709 428 4

169 573 171 578 ·
224 544 227 550 '
249 539 351 624 βρίμη
365 537 398 606 h.
417 535 585 621 XXVIII,
611 537 667 624 103
691 536 755 621 IV,
776 537 862 604 1677
886 534 1000 603 eodem
1015 556 1136 603 versus
1148 534 1243 620 loco;

244 655 399 742 ἐγκλιδόν
421 655 452 722 h.
477 653 612 740 XXIII,
636 655 672 739 33
696 653 724 739 Ι,
749 654 831 741 790;
856 651 923 737 ΙΠ,
947 652 1049 739 1008;

193 781 196 788 '
243 775 450 841 πολυπότνια
472 771 505 839 11.
529 771 606 840 Cer.
629 770 709 858 210;
732 770 799 859 Ap.
822 770 851 855 I,
876 770 961 837 1123
985 769 1028 837 al.
1081 781 1084 785 ’

242 888 457 978 Empedoclis
485 910 618 977 quoque
640 887 832 978 philosophi
864 886 1015 975 vestigia
1041 884 1243 975 Apollonius

157 1007 308 1096 pressit·
350 1007 488 1096 Emped.
521 1006 564 1074 fr.
598 1005 705 1073 1381)
737 1011 847 1094 χαλκῷ
879 1005 944 1071 άπὸ
975 1006 1086 1089 ψυχὴν
1118 1002 1245 1091 άρύσας

157 1125 256 1214 (quae
278 1126 386 1193 verba
406 1123 607 1192 Kinckelius
629 1146 662 1213 p.
686 1124 728 1190 72
749 1123 843 1191 inter
864 1122 1015 1191 incertae
1039 1121 1127 1189 sedis
1150 1120 1244 1207 frag-

160 1245 275 1310 menta
296 1242 416 1328 affert3
440 1240 500 1309 sed
521 1241 563 1308 cf.
580 1240 718 1330 Emped.
735 1240 780 1307 fr.
798 1238 884 1327 143).
929 1238 1132 1328 Apollonius
1156 1237 1245 1304 'emm

159 1380 232 1427 oum
255 1357 423 1443 111,1015
445 1357 597 1426 Medeam
619 1357 781 1426 libentem
802 1356 917 1425 Iasoni
939 1355 968 1424 si
990 1353 1243 1443 postulavisset,

159 1475 306 1544 animum
328 1475 529 1543 donaturam
550 1474 655 1543 fuisse
678 1474 778 1543 dicit:

244 1596 303 1660 καί
322 1595 367 1660 νύ
388 1592 427 1660 ιιέ
449 1593 485 1661 oi
504 1591 559 1659 καὶ
582 1602 692 1660 πᾶσαν
715 1592 780 1659 snt
804 1591 958 1679 στηθέων
980 1591 1131 1677 ἀρύσασα

245 1711 356 1795 ψυχὴν
379 1708 583 1795 ἐγγυάλιξεν,

158 1826 250 1894 illius
272 1827 380 1895 verba
401 1824 484 1913 quin
507 1823 674 1914 exprimat
696 1824 787 1892 haud
809 1824 945 1892 dubium
967 1825 1113 1893 videtur.
1155 1824 1245 1892 Aliis

159 1965 291 2032 quoque
320 1941 526 2010 testimoniis
548 1941 768 2031 Apollonium
787 1941 999 2031 Empedoclis
1032 1945 1094 2029 ἔπη
1123 1943 1247 2029 legisse

159 2064 195 2129 et
226 2083 408 2149 usurpasse
440 2060 692 2148 comprobatur:
734 2059 829 2148 Emp.
861 2059 905 2126 fr.
937 2059 1044 2126 1361)
1076 2060 1247 2146 ἀκηδείῃσι

159 2180 253 2246 νόοιο
278 2208 318 2234 =
342 2178 408 2266 Ap.
432 2176 496 2243 Rh.
520 2177 585 2260 III,
609 2176 689 2261 29&
713 2177 756 2243 fr.
779 2177 821 2242 35
839 2203 879 2238 ω
895 2175 957 2263 IV,
981 2177 1046 2244 676
1059 2199 1107 2262 ss;
1131 2176 1250 2245 eodem

160 2305 281 2379 versus
304 2294 377 2361 loco
400 2296 573 2383 ponuntur
589 2293 754 2363 vocabula
769 2290 948 2379 μετάρσιον
971 2293 1094 2380 (11135,
1116 2293 1155 2378 93
1178 2293 1246 2379 III,

162 2410 278 2499 1263);
303 2413 461 2496 σεληναίη
484 2410 538 2500 (fr.
562 2409 614 2493 43,
640 2412 677 2495 13
702 2410 765 2495 IV,
789 2410 885 2498 264);
909 2411 1002 2496 βάξις
1025 2410 1082 2498 (fr.
1107 2411 1180 2495 112,
1204 2410 1246 2477 11

162 2527 282 2614 εὐηκέα
296 2529 409 2615 βάξιν;
434 2528 497 2610 IV,
524 2527 611 2594 1184
624 2527 786 2614 νημερτέα
803 2527 923 2614 βάξιν),
947 2549 1033 2617 quae
1056 2529 1166 2596 omnia
1177 2544 1249 2595 vnon

163 2647 243 2713 sunt
265 2644 444 2714 Homerica
466 2645 521 2734 (cf.
545 2668 577 2733 p.
602 2645 644 2711 35
667 2647 703 2712 et
724 2644 789 2733 47).

249 2761 303 2829 Ex
317 2761 458 2830 Eumelo
475 2760 595 2832 deinde
618 2760 715 2827 illum
739 2762 919 2850 sumpsisse
933 2785 1001 2829 non
1020 2763 1128 2830 solum
1142 2765 1249 2830 verba

163 2878 222 2946 sed
239 2877 342 2945 etiam
356 2899 475 2947 versus
493 2876 673 2946 nonnullos
689 2877 934 2946 animadvertit
949 2878 1049 2946 schol.
1065 2878 1248 2962 111‚1373:

162 2992 261 3074 οὗτος
289 2993 345 3061 καὶ
375 2996 411 3062 ol
439 2994 511 3080 ἑξῆς
540 2996 645 3081 στίχοι
676 2993 867 3080 εἰλημμένοι
889 2993 960 3062 εἰσί
977 2995 1050 3081 παρ’
1076 2993 1249 3081 Εὐμηλον,

163 3112 240 3197 παρ’
265 3105 291 3199 ηδ
314 3129 396 3198 φησι
415 3114 546 3196 Μήδεια
568 3112 653 3196 πρὸς
673 3114 810 3196 Ἴδμονα
826 3111 916 3199 (Par.
934 3111 1096 3200 Ἰάσωνα);
1121 3117 1250 3200 quanta

163 3234 277 3297 sutem
291 3229 344 3297 his
359 3229 472 3298 verbis
488 3228 641 3297 habenda
656 3229 739 3297 fides
756 3231 810 3312 sit,
835 3229 1013 3298 diiudicari
1034 3253 1103 3297 non
1123 3232 1248 3319 potest,

162 3347 367 3435 praesertim
394 3370 467 3414 cum
484 3369 504 3414 e
522 3346 664 3435 reliquis
686 3346 821 3415 Eumeli
845 3348 1048 3436 fragmentis
1068 3347 1249 3419 rarissimis

163 3486 266 3530 unum
287 3466 420 3531 tantum
444 3464 552 3532 locum
569 3463 753 3552 Apollonio
777 3464 919 3534 similem
940 3465 1128 3534 videamus:
1152 3465 1249 3533 Eum.

169 3581 214 3648 fr.
238 3580 328 3648 281(
351 3582 368 3648 ὁ
392 3567 431 3648 δἰ
448 3583 547 3670 ᾤχετο
570 3583 718 3668 Κολχίδα
741 3593 839 3667 μαῖαν
872 3585 908 3650 et
930 3581 996 3671 Ap.
1020 3582 1050 3668 I,
1076 3583 1139 3651 174
1167 3583 1251 3668 μέγα

165 3696 195 3763 δ’
222 3697 290 3765 ἵετο
315 3699 462 3783 Κολχίδα
485 3709 594 3783 μαῖαν.
640 3696 759 3787 Neque
781 3698 888 3786 magis
912 3699 1086 3788 probabile
1110 3702 1163 3768 est
1184 3698 1251 3788 Ap.

165 3836 239 3882 cum
261 3814 308 3894 II,
331 3815 395 3884 606
418 3812 485 3884 εὖτ’
509 3817 551 3882 άν
576 3840 625 3893 τις
649 3816 731 3883 ἰδὼν
754 3817 809 3882 διά
831 3815 887 3902 νηὶ
920 3820 1048 3904 περηση
1078 3817 1250 3901 scriberet,

163 3930 352 3999 meminisse
374 3931 560 4020 Panysssis
591 3932 774 4001 verborum
795 3932 840 4000 fr.
865 3933 905 4001 15
936 3942 1034 4014 θοοῖς
1064 3935 1119 4001 διά
1150 3932 1252 4001 ποσσὶ

164 4051 310 4136 αερησας
321 4048 377 4136 (cf.
389 4049 417 4133 Ι,
433 4049 476 4138 9).
505 4048 636 4118 Maiore
652 4052 765 4117 autem
780 4050 1025 4138 probabilitate
1039 4051 1102 4120 hoc
1116 4054 1252 4120 conten-

165 4163 275 4234 dimus
297 4164 495 4236 Antimacbi
526 4189 657 4256 quoque
686 4167 835 4256 vestigia
856 4167 1076 4258 Apollonium
1102 4173 1254 4239 secutum
