2842 4942
687 347 730 414 53

164 524 314 593 omnibns
345 523 429 593 locis
459 544 533 592 eam
555 522 623 592 vim
644 525 750 593 verbo
772 520 900 601 tribuit
926 520 1246 613 per-metaphoram

162 645 273 733 poeta,
297 662 397 730 quam
412 639 543 710 Aratus
567 663 698 731 quoque
719 640 783 708 278
806 641 981 708 εὐδιόωντι
1004 642 1110 726 τοτὴν
1132 643 1248 728 όρνιδι

161 759 291 846 ἐοικός,
322 797 364 808 -
395 780 468 828 eam
498 758 583 844 vim,
623 780 722 847 quam
758 757 963 827 adieetivum
1001 759 1114 837 εὔδιος
1147 780 1247 848 saepe

160 877 273 962 habet,
305 898 333 945 e.
364 899 416 966 gr.
438 877 538 944 Arat.
562 877 627 944 850
657 877 768 955 εόδιός
800 900 837 942 κε
868 874 1022 964 φέροιτος
1055 875 1142 965 (916,
1166 876 1246 962 995;

161 994 226 1086 Ap.
256 993 286 1080 Ι,
305 993 392 1083 521).
452 993 595 1062 Accedit
632 994 735 1062 mirus
773 992 908 1083 quidam
944 1016 1023 1061 usus
1071 994 1247 1082 compositi

160 1111 340 1199 όνευδιόοο,
374 1111 420 1197 II,
445 1112 509 1179 935
540 1115 718 1198 κίρκος-
742 1113 934 1198 εὐκήλοισιν
962 1109 1147 1207 ἐνευδιόων,
1172 1133 1247 1179 τιττ-

159 1231 330 1318 ρόγεσσιν.
370 1228 488 1318 Neque
511 1231 625 1297 tamen
646 1227 733 1296 talia
755 1227 937 1317 Apollonio
961 1234 1040 1297 sunt
1062 1228 1244 1317 inusitata;

158 1368 187 1416 e.
209 1369 262 1436 gr.
292 1346 320 1434 I,
344 1347 409 1415 669
443 1349 610 1436 ῥικνοῖσιν
646 1345 866 1427 ἐπισκάζουσα
900 1346 1077 1433 τόδεσσιυ;
1115 1346 1178 1431 IV,
1202 1347 1245 1415 35

157 1463 313 1552 ἀφνειοῖο
336 1466 567 1533 διειλυσθεῖσα
589 1465 717 1550 δόμοιο.

249 1611 356 1682 Verbi
371 1611 494 1680 εὐδιαῖον
509 1633 607 1678 usum
621 1610 748 1679 imitati
763 1615 843 1679 sunt
854 1609 1008 1699 Oppiani,
1020 1607 1097 1677 Hal.
1108 1609 1177 1694 III,
1186 1611 1243 1697 583

158 1727 244 1819 Cyn.
261 1729 291 1815 1,
308 1728 367 1816 13;
391 1728 427 1797 in
448 1728 600 1819 pedestri
622 1750 775 1798 sermone
790 1729 981 1814 εὐδιόζομαι
996 1729 1111 1797 exstat
1128 1726 1243 1817 [Plat]

156 1845 299 1916 Axioch.
323 1845 442 1914 3701).

245 1991 531 2077 Quemadmodum
548 1996 663 2062 autem
683 1995 807 2082 poetae
828 1991 914 2081 epici
935 1991 1034 2059 huius
1049 1991 1141 2060 modi
1154 1992 1243 2061 voei·

155 2112 217 2178 bus
241 2109 407 2178 novandis
424 2109 468 2178 ad
483 2110 682 2179 Homericae
697 2109 896 2177 elocutionis
916 2110 1062 2178 colorem
1084 2108 1243 2178 accedere

156 2225 361 2313 studuerint,
386 2249 428 2296 ex
443 2249 482 2294 eo
499 2227 654 2315 cognosci
674 2230 799 2316 potest,
824 2226 913 2315 quod
927 2226 1057 2294 Aratus
1080 2225 1154 2294 tria
1175 2226 1243 2294 alia

155 2341 239 2411 'talis
261 2343 353 2412 modi
374 2346 482 2412 verba
510 2342 622 2411 finxit:
654 2343 717 2410 333
741 2341 898 2429 φυταλιαὶ
920 2380 963 2391 -
985 2342 1129 2409 ἀναλδεά
1158 2348 1241 2427 φυλ-

154 2462 303 2544 λιόωσαι,
326 2460 391 2528 789
414 2462 585 2528 ὑιιτιόωσα
608 2460 685 2549 (735
707 2459 886 2547 ὑιιτιόῃσι),
911 2458 1001 2549 quod
1022 2462 1162 2530 verbum
1184 2483 1241 2549 po·

154 2577 259 2646 situm
290 2580 344 2645 est
374 2600 438 2666 pro
470 2577 622 2665 vulgari,
661 2576 722 2645 sed
752 2580 861 2644 metro
893 2581 1106 2665 repugnante
1137 2579 1239 2644 verbo
1373 2604 1377 2610 ·

153 2694 314 2779 ὑπτιάζως
350 2693 414 2761 331
438 2695 475 2773 ὅς
497 2696 539 2783 ῥα
568 2695 709 2778 μάλιστα
729 2693 734 2781 Ι
754 2694 829 2774 ὀξέα
858 2694 1013 2779 σειραίοις
1046 2691 1160 2780 (aliam
1182 2715 1239 2761 no·

152 2810 281 2880 tionem
301 2810 407 2879 habet
428 2810 510 2879 haec
532 2831 599 2879 vox
622 2809 712 2900 apud
732 2810 903 2896 medicos).

240 2928 307 2994 294
328 2932 402 2995 τότε
424 2929 462 2995 δὲ
483 2930 587 3014 κρύος
609 2927 645 2993 ἐκ
667 2931 751 3006 Διός
773 2926 863 2995 ἐστιν

240 3046 347 3133 ναύτῃ
366 3045 571 3129 μαλκιόιοντι
592 3046 790 3130 κακώτατον,
823 3049 922 3130 „tune
951 3046 1065 3112 autem
1087 3043 1240 3132 algorem

151 3161 308 3250 torpenti
343 3163 470 3228 nautae
508 3160 670 3250 Juppiter
711 3160 822 3228 mittit
858 3159 1070 3248 pessimum“.
1131 3161 1240 3247 Quam

151 3299 267 3347 vocem
290 3277 407 3346 eodem
429 3299 547 3345 versus
569 3277 643 3345 loco
662 3277 741 3346 Hes.
759 3300 810 3367 op.
827 3279 892 3345 530
915 3276 1091 3344 Oratetem
1112 3276 1239 3364 legisse

149 3393 315 3479 traditur,
350 3393 408 3462 ubi
430 3396 545 3463 tamen
567 3394 716 3463 codicum
738 3395 940 3485 scripturam
961 3398 1164 3481 μυλιόωντες
1185 3416 1238 3462 re-

150 3515 312 3601 ceperunt
346 3510 513 3598 editores;
547 3512 637 3600 quod
670 3534 742 3579 eum
773 3512 824 3580 ita
853 3512 910 3596 sit,
941 3510 1071 3580 Aratus
1095 3533 1236 3600 quoque,

148 3606 292 3701 Hesiodi
312 3627 479 3712 imitator,
503 3627 598 3695 illam
619 3627 763 3697 formam
784 3629 910 3716 legisse
931 3627 1099 3698 videatur.

235 3803 288 3873 At
321 3802 548 3872 Callimachus
580 3803 709 3871 nullum
746 3803 868 3872 talium
902 3805 1082 3872 verborum
1112 3826 1237 3873 novum

147 3923 291 4012 praebet
320 3922 523 4011 exemplum;
553 3942 632 3988 nam
662 3921 752 4011 quod
773 3922 913 3989 verbum
943 3921 1058 4010 posuit
1080 3921 1147 4008 III,
1172 3921 1233 3989 161

148 4038 368 4127 ἅροτριόιοντι
401 4043 582 4126 συνήντετο
615 4041 852 4127 Θειοδάμαντι,
886 4039 954 4107 iam
982 4039 1234 4128 Theophrastus

147 4159 387 4244 usurpaverat.
428 4155 495 4226 Sed
510 4156 601 4246 apud
614 4156 823 4246 posteriores
845 4157 944 4227 huius
968 4156 1112 4227 rationis
1135 4179 1234 4228 vooes

147 4271 296 4342 usitatas
335 4295 408 4343 esse
436 4272 672 4344 demonstrare
708 4276 827 4363 potest
862 4273 1013 4346 auctoris
1047 4273 1232 4363 cynegeti-
