<?xml version="1.0" encoding="UTF-8"?>
<!DOCTYPE html PUBLIC "-//W3C//DTD XHTML 1.0 Transitional//EN"
    "http://www.w3.org/TR/xhtml1/DTD/xhtml1-transitional.dtd">
<html xmlns="http://www.w3.org/1999/xhtml" xml:lang="en" lang="en">
 <head>
  <title>
</title>
<meta http-equiv="Content-Type" content="text/html;charset=utf-8" />
  <meta name='ocr-system' content='tesseract 3.04.00' />
  <meta name='ocr-capabilities' content='ocr_page ocr_carea ocr_par ocr_line ocrx_word'/>
</head>
<body>
  <div class='ocr_page' id='page_1' title='image "./deapolloniirhod00boesgoog_0022.png"; bbox 0 0 2842 4942; ppageno 0'>
   <div class='ocr_carea' id='block_1_1' title="bbox 684 353 727 420">
    <p class='ocr_par' dir='ltr' id='par_1_1' title="bbox 684 353 727 420">
     <span class='ocr_line' id='line_1_1' title="bbox 684 353 727 420; baseline 0 0"><span class='ocrx_word' id='word_1_1' title='bbox 684 353 727 420; x_wconf 89' lang='grc'><strong>17</strong></span> 
     </span>
    </p>
   </div>
   <div class='ocr_carea' id='block_1_2' title="bbox 162 525 1269 4248">
    <p class='ocr_par' dir='ltr' id='par_1_2' title="bbox 162 525 1250 850">
     <span class='ocr_line' id='line_1_2' title="bbox 162 525 1249 619; baseline -0.004 -20"><span class='ocrx_word' id='word_1_2' title='bbox 162 531 340 619; x_wconf 66' lang='lat' dir='ltr'><strong>ceriusque</strong></span> <span class='ocrx_word' id='word_1_3' title='bbox 372 528 507 618; x_wconf 83' lang='lat' dir='ltr'><strong>gononis</strong></span> <span class='ocrx_word' id='word_1_4' title='bbox 540 550 619 595; x_wconf 88' lang='lat' dir='ltr'><strong>usus</strong></span> <span class='ocrx_word' id='word_1_5' title='bbox 653 528 699 595; x_wconf 76' lang='lat' dir='ltr'><strong>si’c</strong></span> <span class='ocrx_word' id='word_1_6' title='bbox 733 526 829 596; x_wconf 85' lang='lat' dir='ltr'><strong>alius.</strong></span> <span class='ocrx_word' id='word_1_7' title='bbox 880 525 969 595; x_wconf 88' lang='lat' dir='ltr'><strong>Huic</strong></span> <span class='ocrx_word' id='word_1_8' title='bbox 1003 525 1112 595; x_wconf 83' lang='lat' dir='ltr'><strong>ordini</strong></span> <span class='ocrx_word' id='word_1_9' title='bbox 1144 530 1249 598; x_wconf 87' lang='lat' dir='ltr'><strong>verba</strong></span> 
     </span>
     <span class='ocr_line' id='line_1_3' title="bbox 163 643 1250 737; baseline -0.002 -23"><span class='ocrx_word' id='word_1_10' title='bbox 163 670 250 737; x_wconf 87' lang='lat' dir='ltr'><strong>quae</strong></span> <span class='ocrx_word' id='word_1_11' title='bbox 271 647 480 730; x_wconf 75' lang='lat' dir='ltr'><strong>tribuun’uur,</strong></span> <span class='ocrx_word' id='word_1_12' title='bbox 510 667 710 734; x_wconf 87' lang='lat' dir='ltr'><strong>quamquam</strong></span> <span class='ocrx_word' id='word_1_13' title='bbox 744 643 856 712; x_wconf 69' lang='lat' dir='ltr'><strong>aliena</strong></span> <span class='ocrx_word' id='word_1_14' title='bbox 879 646 920 712; x_wconf 92' lang='lat' dir='ltr'><strong>ab</strong></span> <span class='ocrx_word' id='word_1_15' title='bbox 943 643 1100 730; x_wconf 83' lang='lat' dir='ltr'>Homero,</span> <span class='ocrx_word' id='word_1_16' title='bbox 1135 648 1250 714; x_wconf 73' lang='lat' dir='ltr'><strong>tamon</strong></span> 
     </span>
     <span class='ocr_line' id='line_1_4' title="bbox 162 761 1172 850; baseline -0.001 -19"><span class='ocrx_word' id='word_1_17' title='bbox 162 763 297 831; x_wconf 89' lang='lat' dir='ltr'><strong>minime</strong></span> <span class='ocrx_word' id='word_1_18' title='bbox 320 764 361 831; x_wconf 91' lang='lat' dir='ltr'><strong>ab</strong></span> <span class='ocrx_word' id='word_1_19' title='bbox 384 762 512 831; x_wconf 71' lang='lat' dir='ltr'><strong>usita’uo</strong></span> <span class='ocrx_word' id='word_1_20' title='bbox 537 784 687 830; x_wconf 82' lang='lat' dir='ltr'>sermone</span> <span class='ocrx_word' id='word_1_21' title='bbox 710 761 947 850; x_wconf 72' lang='lat' dir='ltr'><strong>discrepantia,</strong></span> <span class='ocrx_word' id='word_1_22' title='bbox 972 764 1053 829; x_wconf 77' lang='lat' dir='ltr'><strong>sunt</strong></span> <span class='ocrx_word' id='word_1_23' title='bbox 1074 761 1172 830; x_wconf 90' lang='lat' dir='ltr'><strong>haec:</strong></span> 
     </span>
    </p>

    <p class='ocr_par' dir='ltr' id='par_1_3' title="bbox 165 874 1250 1184">
     <span class='ocr_line' id='line_1_5' title="bbox 252 874 1249 969; baseline -0.001 -21"><span class='ocrx_word' id='word_1_24' title='bbox 252 883 429 969; x_wconf 74' lang='grc' dir='ltr'><strong><em>ἱδρύεσθαι</em></strong></span> <span class='ocrx_word' id='word_1_25' title='bbox 445 880 606 949; x_wconf 85' lang='lat' dir='ltr'><strong>condere:</strong></span> <span class='ocrx_word' id='word_1_26' title='bbox 624 881 653 965; x_wconf 95' lang='grc' dir='ltr'><strong>Ι,</strong></span> <span class='ocrx_word' id='word_1_27' title='bbox 663 880 736 965; x_wconf 84' lang='grc'><strong>959,</strong></span> <span class='ocrx_word' id='word_1_28' title='bbox 754 880 816 964; x_wconf 89' lang='lat' dir='ltr'><strong>IV,</strong></span> <span class='ocrx_word' id='word_1_29' title='bbox 831 880 915 948; x_wconf 93' lang='grc'><strong>1691</strong></span> <span class='ocrx_word' id='word_1_30' title='bbox 933 874 1129 968; x_wconf 76' lang='grc' dir='ltr'><strong><em>ἱδρύσαντο,</em></strong></span> <span class='ocrx_word' id='word_1_31' title='bbox 1151 879 1249 948; x_wconf 89' lang='lat' dir='ltr'><strong>Hom.</strong></span> 
     </span>
     <span class='ocr_line' id='line_1_6' title="bbox 166 997 1250 1088; baseline 0 -23"><span class='ocrx_word' id='word_1_32' title='bbox 166 1001 296 1086; x_wconf 86' lang='grc' dir='ltr'><strong><em>ἱδρύειν</em></strong></span> <span class='ocrx_word' id='word_1_33' title='bbox 317 1021 378 1088; x_wconf 85' lang='lat' dir='ltr'><strong>pro</strong></span> <span class='ocrx_word' id='word_1_34' title='bbox 403 1021 441 1067; x_wconf 88' lang='lat' dir='ltr'><strong>eo</strong></span> <span class='ocrx_word' id='word_1_35' title='bbox 467 997 556 1087; x_wconf 87' lang='lat' dir='ltr'><strong>quod</strong></span> <span class='ocrx_word' id='word_1_36' title='bbox 579 1001 632 1067; x_wconf 74' lang='lat' dir='ltr'><strong>est</strong></span> <span class='ocrx_word' id='word_1_37' title='bbox 655 998 837 1083; x_wconf 75' lang='lat' dir='ltr'><strong>collocare5</strong></span> <span class='ocrx_word' id='word_1_38' title='bbox 870 999 1057 1085; x_wconf 73' lang='grc' dir='ltr'><strong><em>ἱδρύεσθαι,</em></strong></span> <span class='ocrx_word' id='word_1_39' title='bbox 1087 1000 1250 1086; x_wconf 79' lang='grc' dir='ltr'><strong>καθιδρύ-Ι</strong></span> 
     </span>
     <span class='ocr_line' id='line_1_7' title="bbox 165 1115 610 1184; baseline -0.002 -1"><span class='ocrx_word' id='word_1_40' title='bbox 165 1124 266 1184; x_wconf 86' lang='grc' dir='ltr'><strong><em>εσθοιι</em></strong></span> <span class='ocrx_word' id='word_1_41' title='bbox 290 1136 311 1183; x_wconf 86' lang='lat' dir='ltr'><strong>a</strong></span> <span class='ocrx_word' id='word_1_42' title='bbox 331 1115 448 1184; x_wconf 71' lang='lat' dir='ltr'><strong>multis</strong></span> <span class='ocrx_word' id='word_1_43' title='bbox 470 1115 610 1184; x_wconf 72' lang='lat' dir='ltr'><strong>usitata.</strong></span> 
     </span>
    </p>

    <p class='ocr_par' dir='ltr' id='par_1_4' title="bbox 254 1232 1096 1322">
     <span class='ocr_line' id='line_1_8' title="bbox 254 1232 1096 1322; baseline 0 -22"><span class='ocrx_word' id='word_1_44' title='bbox 254 1235 420 1320; x_wconf 79' lang='grc' dir='ltr'><strong><em>ψύχεσθαι</em></strong></span> <span class='ocrx_word' id='word_1_45' title='bbox 443 1233 664 1322; x_wconf 83' lang='lat' dir='ltr'><strong>refrigerari:</strong></span> <span class='ocrx_word' id='word_1_46' title='bbox 686 1232 734 1318; x_wconf 94' lang='grc' dir='ltr'><strong>ΙΙ,</strong></span> <span class='ocrx_word' id='word_1_47' title='bbox 759 1232 823 1300; x_wconf 87' lang='grc'><strong>819</strong></span> <span class='ocrx_word' id='word_1_48' title='bbox 846 1234 1096 1319; x_wconf 75' lang='grc' dir='ltr'><strong><em>κάπριος--</em></strong></span> 
     </span>
    </p>

    <p class='ocr_par' dir='ltr' id='par_1_5' title="bbox 183 1352 1252 1558">
     <span class='ocr_line' id='line_1_9' title="bbox 252 1352 1136 1439; baseline 0.001 -20"><span class='ocrx_word' id='word_1_49' title='bbox 252 1356 442 1439; x_wconf 82' lang='grc' dir='ltr'><strong><em>ψυχόμενος</em></strong></span> <span class='ocrx_word' id='word_1_50' title='bbox 464 1356 608 1438; x_wconf 79' lang='grc' dir='ltr'><strong><em>λαγόνας</em></strong></span> <span class='ocrx_word' id='word_1_51' title='bbox 630 1377 664 1420; x_wconf 92' lang='grc' dir='ltr'><strong><em>τε</em></strong></span> <span class='ocrx_word' id='word_1_52' title='bbox 687 1352 742 1419; x_wconf 83' lang='grc' dir='ltr'><strong>καὶ</strong></span> <span class='ocrx_word' id='word_1_53' title='bbox 766 1356 909 1421; x_wconf 84' lang='grc' dir='ltr'><strong><em>όὶσπετον</em></strong></span> <span class='ocrx_word' id='word_1_54' title='bbox 930 1355 998 1420; x_wconf 84' lang='grc' dir='ltr'><strong>ίὶύι</strong></span> <span class='ocrx_word' id='word_1_55' title='bbox 1021 1354 1136 1438; x_wconf 89' lang='grc' dir='ltr'><strong><em>νηδύν.</em></strong></span> 
     </span>
     <span class='ocr_line' id='line_1_10' title="bbox 183 1469 1252 1558; baseline 0 -20"><span class='ocrx_word' id='word_1_56' title='bbox 183 1510 185 1515; x_wconf 36' lang='lat' dir='ltr'>s</span> <span class='ocrx_word' id='word_1_57' title='bbox 254 1469 317 1554; x_wconf 86' lang='lat' dir='ltr'><strong>IV,</strong></span> <span class='ocrx_word' id='word_1_58' title='bbox 335 1470 420 1537; x_wconf 83' lang='grc'><strong>1629</strong></span> <span class='ocrx_word' id='word_1_59' title='bbox 463 1473 576 1558; x_wconf 83' lang='grc' dir='ltr'><strong><em>ψύχετ’</em></strong></span> <span class='ocrx_word' id='word_1_60' title='bbox 600 1471 772 1557; x_wconf 83' lang='grc' dir='ltr'><strong><em>ἀμηχανίη.</em></strong></span> <span class='ocrx_word' id='word_1_61' title='bbox 819 1471 934 1538; x_wconf 86' lang='lat' dir='ltr'><strong>Hom:</strong></span> <span class='ocrx_word' id='word_1_62' title='bbox 970 1472 1088 1558; x_wconf 91' lang='grc' dir='ltr'><strong><em>ψύχειν</em></strong></span> <span class='ocrx_word' id='word_1_63' title='bbox 1112 1470 1252 1557; x_wconf 86' lang='lat' dir='ltr'><strong>spirare.</strong></span> 
     </span>
    </p>

    <p class='ocr_par' dir='ltr' id='par_1_6' title="bbox 166 1586 1255 2026">
     <span class='ocr_line' id='line_1_11' title="bbox 258 1586 1253 1676; baseline -0.001 -23"><span class='ocrx_word' id='word_1_64' title='bbox 258 1586 341 1654; x_wconf 81' lang='lat' dir='ltr'><strong>Tria</strong></span> <span class='ocrx_word' id='word_1_65' title='bbox 353 1589 466 1671; x_wconf 86' lang='lat' dir='ltr'><strong>verba,</strong></span> <span class='ocrx_word' id='word_1_66' title='bbox 484 1610 624 1675; x_wconf 86' lang='lat' dir='ltr'><strong>quorum</strong></span> <span class='ocrx_word' id='word_1_67' title='bbox 639 1587 788 1656; x_wconf 73' lang='lat' dir='ltr'><strong>activum</strong></span> <span class='ocrx_word' id='word_1_68' title='bbox 798 1588 887 1676; x_wconf 89' lang='lat' dir='ltr'><strong>apud</strong></span> <span class='ocrx_word' id='word_1_69' title='bbox 898 1587 1081 1655; x_wconf 84' lang='lat' dir='ltr'><strong>Homerum</strong></span> <span class='ocrx_word' id='word_1_70' title='bbox 1098 1586 1253 1655; x_wconf 77' lang='lat' dir='ltr'><strong>transiti-</strong></span> 
     </span>
     <span class='ocr_line' id='line_1_12' title="bbox 168 1702 1255 1792; baseline 0 -20"><span class='ocrx_word' id='word_1_71' title='bbox 168 1726 255 1789; x_wconf 86' lang='lat' dir='ltr'><strong>vum,</strong></span> <span class='ocrx_word' id='word_1_72' title='bbox 281 1702 426 1771; x_wconf 84' lang='lat' dir='ltr'><strong>medium</strong></span> <span class='ocrx_word' id='word_1_73' title='bbox 449 1703 526 1792; x_wconf 88' lang='lat' dir='ltr'>(vel.</span> <span class='ocrx_word' id='word_1_74' title='bbox 550 1705 654 1792; x_wconf 85' lang='lat' dir='ltr'><strong>pass.)</strong></span> <span class='ocrx_word' id='word_1_75' title='bbox 680 1705 769 1792; x_wconf 86' lang='lat' dir='ltr'><strong>apud</strong></span> <span class='ocrx_word' id='word_1_76' title='bbox 791 1704 858 1792; x_wconf 81' lang='lat' dir='ltr'><strong>Ap.</strong></span> <span class='ocrx_word' id='word_1_77' title='bbox 874 1704 1130 1772; x_wconf 79' lang='lat' dir='ltr'><strong>intransitivum</strong></span> <span class='ocrx_word' id='word_1_78' title='bbox 1151 1704 1255 1772; x_wconf 75' lang='lat' dir='ltr'><strong>habet</strong></span> 
     </span>
     <span class='ocr_line' id='line_1_13' title="bbox 166 1820 1254 1911; baseline -0.002 -23"><span class='ocrx_word' id='word_1_79' title='bbox 166 1822 349 1906; x_wconf 76' lang='lat' dir='ltr'><strong>notionem,</strong></span> <span class='ocrx_word' id='word_1_80' title='bbox 390 1824 474 1889; x_wconf 80' lang='lat' dir='ltr'><strong>sunt</strong></span> <span class='ocrx_word' id='word_1_81' title='bbox 502 1821 632 1907; x_wconf 76' lang='grc' dir='ltr'><strong><em>ἕρεύθω</em></strong></span> <span class='ocrx_word' id='word_1_82' title='bbox 668 1822 709 1910; x_wconf 88' lang='lat' dir='ltr'><strong>(e.</strong></span> <span class='ocrx_word' id='word_1_83' title='bbox 726 1845 778 1911; x_wconf 83' lang='lat' dir='ltr'><strong>gr.</strong></span> <span class='ocrx_word' id='word_1_84' title='bbox 795 1821 863 1905; x_wconf 92' lang='grc' dir='ltr'><strong>ΙΙΙ,</strong></span> <span class='ocrx_word' id='word_1_85' title='bbox 889 1821 976 1907; x_wconf 86' lang='grc'><strong>163),</strong></span> <span class='ocrx_word' id='word_1_86' title='bbox 1020 1825 1182 1888; x_wconf 82' lang='grc' dir='ltr'><strong><em>ἱενκαίνω</em></strong></span> <span class='ocrx_word' id='word_1_87' title='bbox 1213 1820 1254 1906; x_wconf 90' lang='grc' dir='ltr'><strong>(Ι,</strong></span> 
     </span>
     <span class='ocr_line' id='line_1_14' title="bbox 171 1937 636 2026; baseline -0.004 -21"><span class='ocrx_word' id='word_1_88' title='bbox 171 1937 258 2026; x_wconf 83' lang='grc'><strong>545),</strong></span> <span class='ocrx_word' id='word_1_89' title='bbox 282 1939 400 2025; x_wconf 84' lang='grc' dir='ltr'><strong><em>κύρφω</em></strong></span> <span class='ocrx_word' id='word_1_90' title='bbox 425 1938 501 2023; x_wconf 84' lang='lat' dir='ltr'><strong>(IV,</strong></span> <span class='ocrx_word' id='word_1_91' title='bbox 527 1939 636 2024; x_wconf 85' lang='lat'>1094).</span> 
     </span>
    </p>

    <p class='ocr_par' dir='ltr' id='par_1_7' title="bbox 169 2053 1256 2378">
     <span class='ocr_line' id='line_1_15' title="bbox 256 2053 1254 2142; baseline -0.003 -20"><span class='ocrx_word' id='word_1_92' title='bbox 256 2055 457 2142; x_wconf 78' lang='grc' dir='ltr'><strong><em>χαίέπτομαι</em></strong></span> <span class='ocrx_word' id='word_1_93' title='bbox 478 2055 624 2123; x_wconf 86' lang='lat' dir='ltr'><strong>irascor:</strong></span> <span class='ocrx_word' id='word_1_94' title='bbox 647 2055 815 2140; x_wconf 84' lang='grc' dir='ltr'><strong>ΙΠ,109;</strong></span> <span class='ocrx_word' id='word_1_95' title='bbox 839 2055 1066 2141; x_wconf 78' lang='grc' dir='ltr'><strong><em>χαλεψάμενος</em></strong></span> <span class='ocrx_word' id='word_1_96' title='bbox 1087 2053 1156 2137; x_wconf 87' lang='grc' dir='ltr'><strong>ΠΙ,</strong></span> <span class='ocrx_word' id='word_1_97' title='bbox 1173 2053 1254 2140; x_wconf 77' lang='grc'><strong>382,</strong></span> 
     </span>
     <span class='ocr_line' id='line_1_16' title="bbox 169 2171 1256 2260; baseline -0.001 -21"><span class='ocrx_word' id='word_1_98' title='bbox 169 2172 197 2256; x_wconf 89' lang='grc' dir='ltr'><strong>Ι,</strong></span> <span class='ocrx_word' id='word_1_99' title='bbox 223 2172 318 2240; x_wconf 82' lang='grc'><strong>1341.</strong></span> <span class='ocrx_word' id='word_1_100' title='bbox 363 2172 478 2240; x_wconf 87' lang='lat' dir='ltr'><strong>Hom:</strong></span> <span class='ocrx_word' id='word_1_101' title='bbox 511 2171 661 2258; x_wconf 81' lang='grc' dir='ltr'><strong><em>χαὶέπτω</em></strong></span> <span class='ocrx_word' id='word_1_102' title='bbox 693 2172 861 2260; x_wconf 86' lang='lat' dir='ltr'><strong>opprimo;</strong></span> <span class='ocrx_word' id='word_1_103' title='bbox 894 2175 1076 2259; x_wconf 78' lang='grc' dir='ltr'><strong><em>χαλεφθείς</em></strong></span> <span class='ocrx_word' id='word_1_104' title='bbox 1107 2171 1256 2258; x_wconf 77' lang='lat' dir='ltr'><strong>Theogn.</strong></span> 
     </span>
     <span class='ocr_line' id='line_1_17' title="bbox 172 2287 875 2378; baseline 0.003 -24"><span class='ocrx_word' id='word_1_105' title='bbox 172 2287 251 2375; x_wconf 79' lang='lat'><strong>1553</strong></span> <span class='ocrx_word' id='word_1_106' title='bbox 276 2288 360 2357; x_wconf 81' lang='lat' dir='ltr'><strong>Gall.</strong></span> <span class='ocrx_word' id='word_1_107' title='bbox 384 2288 447 2372; x_wconf 90' lang='lat' dir='ltr'><strong>VI,</strong></span> <span class='ocrx_word' id='word_1_108' title='bbox 471 2289 530 2375; x_wconf 74' lang='lat'><strong>483</strong></span> <span class='ocrx_word' id='word_1_109' title='bbox 554 2288 620 2378; x_wconf 84' lang='lat' dir='ltr'><strong>Ap.</strong></span> <span class='ocrx_word' id='word_1_110' title='bbox 644 2288 709 2356; x_wconf 83' lang='lat' dir='ltr'><strong>Rh.</strong></span> <span class='ocrx_word' id='word_1_111' title='bbox 734 2288 799 2374; x_wconf 84' lang='grc' dir='ltr'><strong>ΠῙ,</strong></span> <span class='ocrx_word' id='word_1_112' title='bbox 823 2290 875 2356; x_wconf 88' lang='grc'><strong>97.</strong></span> 
     </span>
    </p>

    <p class='ocr_par' dir='ltr' id='par_1_8' title="bbox 175 2404 1257 2616">
     <span class='ocr_line' id='line_1_18' title="bbox 262 2404 1257 2496; baseline 0.003 -25"><span class='ocrx_word' id='word_1_113' title='bbox 262 2405 391 2489; x_wconf 77' lang='lat' dir='ltr'><strong>Quibus</strong></span> <span class='ocrx_word' id='word_1_114' title='bbox 414 2406 528 2475; x_wconf 86' lang='lat' dir='ltr'><strong>verbis</strong></span> <span class='ocrx_word' id='word_1_115' title='bbox 553 2410 768 2496; x_wconf 77' lang='lat' dir='ltr'><strong>opponantur</strong></span> <span class='ocrx_word' id='word_1_116' title='bbox 790 2427 840 2490; x_wconf 88' lang='lat' dir='ltr'><strong>ea,</strong></span> <span class='ocrx_word' id='word_1_117' title='bbox 863 2428 1005 2494; x_wconf 89' lang='lat' dir='ltr'><strong>quorum</strong></span> <span class='ocrx_word' id='word_1_118' title='bbox 1028 2404 1176 2475; x_wconf 76' lang='lat' dir='ltr'><strong>activum</strong></span> <span class='ocrx_word' id='word_1_119' title='bbox 1192 2405 1257 2494; x_wconf 90' lang='lat' dir='ltr'><strong>Ap.</strong></span> 
     </span>
     <span class='ocr_line' id='line_1_19' title="bbox 175 2521 1028 2616; baseline 0.004 -28"><span class='ocrx_word' id='word_1_120' title='bbox 175 2522 366 2611; x_wconf 77' lang='lat' dir='ltr'><strong>usurpavit,</strong></span> <span class='ocrx_word' id='word_1_121' title='bbox 390 2545 463 2616; x_wconf 88' lang='lat' dir='ltr'><strong>cum</strong></span> <span class='ocrx_word' id='word_1_122' title='bbox 485 2523 583 2591; x_wconf 88' lang='lat' dir='ltr'><strong>Hom.</strong></span> <span class='ocrx_word' id='word_1_123' title='bbox 607 2523 751 2591; x_wconf 80' lang='lat' dir='ltr'><strong>medium</strong></span> <span class='ocrx_word' id='word_1_124' title='bbox 773 2521 870 2591; x_wconf 90' lang='lat' dir='ltr'><strong>modo</strong></span> <span class='ocrx_word' id='word_1_125' title='bbox 893 2522 1028 2591; x_wconf 74' lang='lat' dir='ltr'><strong>habeat.</strong></span> 
     </span>
    </p>

    <p class='ocr_par' dir='ltr' id='par_1_9' title="bbox 173 2640 1264 3661">
     <span class='ocr_line' id='line_1_20' title="bbox 262 2640 1259 2729; baseline 0.001 -23"><span class='ocrx_word' id='word_1_126' title='bbox 262 2640 461 2724; x_wconf 79' lang='grc' dir='ltr'><strong><em>ἀτυζόμενος</em></strong></span> <span class='ocrx_word' id='word_1_127' title='bbox 484 2640 574 2728; x_wconf 84' lang='lat' dir='ltr'><strong>apud</strong></span> <span class='ocrx_word' id='word_1_128' title='bbox 595 2640 693 2708; x_wconf 91' lang='lat' dir='ltr'><strong>Hom.</strong></span> <span class='ocrx_word' id='word_1_129' title='bbox 717 2643 769 2709; x_wconf 76' lang='lat' dir='ltr'><strong>est</strong></span> <span class='ocrx_word' id='word_1_130' title='bbox 798 2640 887 2708; x_wconf 88' lang='lat' dir='ltr'><strong>idem</strong></span> <span class='ocrx_word' id='word_1_131' title='bbox 910 2640 999 2729; x_wconf 88' lang='lat' dir='ltr'><strong>quod</strong></span> <span class='ocrx_word' id='word_1_132' title='bbox 1030 2641 1151 2709; x_wconf 80' lang='lat' dir='ltr'><strong>timore</strong></span> <span class='ocrx_word' id='word_1_133' title='bbox 1172 2662 1259 2708; x_wconf 91' lang='lat' dir='ltr'><strong>oom-</strong></span> 
     </span>
     <span class='ocr_line' id='line_1_21' title="bbox 173 2756 1260 2846; baseline 0.002 -24"><span class='ocrx_word' id='word_1_134' title='bbox 173 2758 297 2840; x_wconf 70' lang='lat' dir='ltr'><strong>motus</strong></span> <span class='ocrx_word' id='word_1_135' title='bbox 321 2757 541 2846; x_wconf 65' lang='lat' dir='ltr'><strong>perterritus</strong></span> <span class='ocrx_word' id='word_1_136' title='bbox 566 2756 746 2846; x_wconf 86' lang='lat' dir='ltr'><strong>eodemque</strong></span> <span class='ocrx_word' id='word_1_137' title='bbox 769 2779 869 2826; x_wconf 84' lang='lat' dir='ltr'><strong>sensu</strong></span> <span class='ocrx_word' id='word_1_138' title='bbox 884 2779 905 2824; x_wconf 92' lang='lat' dir='ltr'><strong>a</strong></span> <span class='ocrx_word' id='word_1_139' title='bbox 918 2756 1067 2825; x_wconf 81' lang='lat' dir='ltr'><strong>Pindaro</strong></span> <span class='ocrx_word' id='word_1_140' title='bbox 1091 2757 1141 2846; x_wconf 86' lang='lat' dir='ltr'><strong>(P.</strong></span> <span class='ocrx_word' id='word_1_141' title='bbox 1157 2757 1186 2840; x_wconf 92' lang='grc' dir='ltr'><strong>Ι,</strong></span> <span class='ocrx_word' id='word_1_142' title='bbox 1204 2758 1260 2841; x_wconf 86' lang='grc'><strong>13)</strong></span> 
     </span>
     <span class='ocr_line' id='line_1_22' title="bbox 175 2871 1261 2963; baseline -0.001 -23"><span class='ocrx_word' id='word_1_143' title='bbox 175 2871 385 2963; x_wconf 70' lang='lat' dir='ltr'><strong>tragicisque</strong></span> <span class='ocrx_word' id='word_1_144' title='bbox 422 2874 533 2962; x_wconf 79' lang='lat' dir='ltr'><strong>poetis</strong></span> <span class='ocrx_word' id='word_1_145' title='bbox 571 2874 767 2960; x_wconf 73' lang='lat' dir='ltr'><strong>adhibetur5</strong></span> <span class='ocrx_word' id='word_1_146' title='bbox 802 2874 952 2942; x_wconf 78' lang='lat' dir='ltr'><strong>activum</strong></span> <span class='ocrx_word' id='word_1_147' title='bbox 985 2877 1109 2957; x_wconf 74' lang='lat' dir='ltr'><strong>autem,</strong></span> <span class='ocrx_word' id='word_1_148' title='bbox 1144 2874 1171 2958; x_wconf 95' lang='grc' dir='ltr'><strong>Ι,</strong></span> <span class='ocrx_word' id='word_1_149' title='bbox 1195 2873 1261 2942; x_wconf 78' lang='grc'><strong>466</strong></span> 
     </span>
     <span class='ocr_line' id='line_1_23' title="bbox 177 2989 1260 3076; baseline 0.003 -21"><span class='ocrx_word' id='word_1_150' title='bbox 177 2990 297 3075; x_wconf 82' lang='grc' dir='ltr'><strong><em>ἀτύζει,</em></strong></span> <span class='ocrx_word' id='word_1_151' title='bbox 320 2990 409 3058; x_wconf 86' lang='lat' dir='ltr'><strong>idem</strong></span> <span class='ocrx_word' id='word_1_152' title='bbox 425 2991 520 3060; x_wconf 73' lang='lat' dir='ltr'><strong>vaiet</strong></span> <span class='ocrx_word' id='word_1_153' title='bbox 535 3012 575 3059; x_wconf 89' lang='lat' dir='ltr'><strong>ao</strong></span> <span class='ocrx_word' id='word_1_154' title='bbox 588 2994 711 3075; x_wconf 74' lang='lat' dir='ltr'><strong>terret,</strong></span> <span class='ocrx_word' id='word_1_155' title='bbox 736 2994 776 3058; x_wconf 76' lang='lat' dir='ltr'><strong>ut</strong></span> <span class='ocrx_word' id='word_1_156' title='bbox 790 2989 930 3059; x_wconf 83' lang='lat' dir='ltr'><strong>Theocr.</strong></span> <span class='ocrx_word' id='word_1_157' title='bbox 949 2996 1052 3076; x_wconf 77' lang='grc' dir='ltr'><strong><em>(θυρσ.</em></strong></span> <span class='ocrx_word' id='word_1_158' title='bbox 1068 2992 1119 3059; x_wconf 82' lang='grc'><strong>56.</strong></span> <span class='ocrx_word' id='word_1_159' title='bbox 1129 2990 1260 3071; x_wconf 75' lang='grc' dir='ltr'><strong><em>’ἀτύξαι</em></strong></span> 
     </span>
     <span class='ocr_line' id='line_1_24' title="bbox 178 3094 1262 3196; baseline 0.001 -24"><span class='ocrx_word' id='word_1_160' title='bbox 178 3107 286 3190; x_wconf 76' lang='lat' dir='ltr'><strong>Quam</strong></span> <span class='ocrx_word' id='word_1_161' title='bbox 301 3094 453 3191; x_wconf 83' lang='lat' dir='ltr'><strong>formam,</strong></span> <span class='ocrx_word' id='word_1_162' title='bbox 472 3109 513 3176; x_wconf 92' lang='lat' dir='ltr'><strong>ab</strong></span> <span class='ocrx_word' id='word_1_163' title='bbox 531 3111 675 3196; x_wconf 74' lang='lat' dir='ltr'><strong>utroque</strong></span> <span class='ocrx_word' id='word_1_164' title='bbox 691 3108 728 3174; x_wconf 94' lang='lat' dir='ltr'><strong>in</strong></span> <span class='ocrx_word' id='word_1_165' title='bbox 743 3108 809 3175; x_wconf 90' lang='lat' dir='ltr'><strong>fine</strong></span> <span class='ocrx_word' id='word_1_166' title='bbox 824 3129 942 3176; x_wconf 78' lang='lat' dir='ltr'><strong>versus</strong></span> <span class='ocrx_word' id='word_1_167' title='bbox 959 3107 1166 3192; x_wconf 78' lang='lat' dir='ltr'><strong>collocatam,</strong></span> <span class='ocrx_word' id='word_1_168' title='bbox 1182 3110 1262 3175; x_wconf 76' lang='lat' dir='ltr'><strong>uter</strong></span> 
     </span>
     <span class='ocr_line' id='line_1_25' title="bbox 176 3223 1264 3313; baseline 0 -22"><span class='ocrx_word' id='word_1_169' title='bbox 176 3223 325 3307; x_wconf 75' lang='lat' dir='ltr'><strong>finxerit,</strong></span> <span class='ocrx_word' id='word_1_170' title='bbox 358 3248 433 3293; x_wconf 94' lang='lat' dir='ltr'><strong>cum</strong></span> <span class='ocrx_word' id='word_1_171' title='bbox 454 3225 606 3292; x_wconf 73' lang='lat' dir='ltr'><strong>dubitari</strong></span> <span class='ocrx_word' id='word_1_172' title='bbox 628 3225 747 3313; x_wconf 76' lang='lat' dir='ltr'><strong>possit,</strong></span> <span class='ocrx_word' id='word_1_173' title='bbox 778 3225 980 3313; x_wconf 88' lang='lat' dir='ltr'><strong>Apollonius</strong></span> <span class='ocrx_word' id='word_1_174' title='bbox 1005 3227 1098 3293; x_wconf 79' lang='lat' dir='ltr'><strong>certo</strong></span> <span class='ocrx_word' id='word_1_175' title='bbox 1121 3225 1264 3294; x_wconf 74' lang='lat' dir='ltr'><strong>novavit</strong></span> 
     </span>
     <span class='ocr_line' id='line_1_26' title="bbox 183 3339 1262 3429; baseline 0.001 -21"><span class='ocrx_word' id='word_1_176' title='bbox 183 3339 264 3408; x_wconf 83' lang='lat' dir='ltr'><strong>has:</strong></span> <span class='ocrx_word' id='word_1_177' title='bbox 298 3341 347 3424; x_wconf 91' lang='grc' dir='ltr'><strong>ΙΙ,</strong></span> <span class='ocrx_word' id='word_1_178' title='bbox 370 3341 435 3410; x_wconf 89' lang='grc'><strong>667</strong></span> <span class='ocrx_word' id='word_1_179' title='bbox 458 3345 493 3408; x_wconf 80' lang='grc' dir='ltr'><strong>οἱ</strong></span> <span class='ocrx_word' id='word_1_180' title='bbox 514 3341 543 3408; x_wconf 79' lang='grc' dir='ltr'><strong>δ’</strong></span> <span class='ocrx_word' id='word_1_181' title='bbox 567 3340 617 3408; x_wconf 79' lang='grc' dir='ltr'><strong>ἐνὶ</strong></span> <span class='ocrx_word' id='word_1_182' title='bbox 640 3344 718 3428; x_wconf 81' lang='grc' dir='ltr'><strong><em>χαίη</em></strong></span> <span class='ocrx_word' id='word_1_183' title='bbox 741 3344 841 3428; x_wconf 85' lang='grc' dir='ltr'><strong><em>χηὶδις</em></strong></span> <span class='ocrx_word' id='word_1_184' title='bbox 864 3346 1083 3427; x_wconf 80' lang='grc' dir='ltr'><strong><em>σκηρίπτοντε</em></strong></span> <span class='ocrx_word' id='word_1_185' title='bbox 1106 3339 1262 3429; x_wconf 82' lang='lat' dir='ltr'><strong>(ungulas</strong></span> 
     </span>
     <span class='ocr_line' id='line_1_27' title="bbox 180 3457 1263 3547; baseline -0.002 -20"><span class='ocrx_word' id='word_1_186' title='bbox 180 3462 296 3527; x_wconf 77' lang='lat' dir='ltr'><strong>terrae</strong></span> <span class='ocrx_word' id='word_1_187' title='bbox 314 3458 436 3547; x_wconf 89' lang='lat' dir='ltr'><strong>obnisi)</strong></span> <span class='ocrx_word' id='word_1_188' title='bbox 454 3459 652 3546; x_wconf 79' lang='grc' dir='ltr'><strong><em>πανημέριοι</em></strong></span> <span class='ocrx_word' id='word_1_189' title='bbox 668 3457 856 3545; x_wconf 78' lang='grc' dir='ltr'><strong><em>πονέονται,</em></strong></span> <span class='ocrx_word' id='word_1_190' title='bbox 873 3459 988 3527; x_wconf 83' lang='lat' dir='ltr'><strong>Hom:</strong></span> <span class='ocrx_word' id='word_1_191' title='bbox 1013 3463 1263 3546; x_wconf 86' lang='grc' dir='ltr'><strong><em>σκηρίπτεσθαι,</em></strong></span> 
     </span>
     <span class='ocr_line' id='line_1_28' title="bbox 178 3575 734 3661; baseline 0.002 -20"><span class='ocrx_word' id='word_1_192' title='bbox 178 3575 303 3661; x_wconf 84' lang='grc' dir='ltr'><strong>ρ196;</strong></span> <span class='ocrx_word' id='word_1_193' title='bbox 327 3576 442 3643; x_wconf 72' lang='grc'><strong>1595.</strong></span> <span class='ocrx_word' id='word_1_194' title='bbox 489 3575 563 3644; x_wconf 86' lang='lat' dir='ltr'><strong>Nic.</strong></span> <span class='ocrx_word' id='word_1_195' title='bbox 587 3576 637 3643; x_wconf 81' lang='lat' dir='ltr'><strong>th.</strong></span> <span class='ocrx_word' id='word_1_196' title='bbox 661 3576 734 3643; x_wconf 82' lang='lat'><strong>721.</strong></span> 
     </span>
    </p>

    <p class='ocr_par' dir='ltr' id='par_1_10' title="bbox 179 3690 1269 4248">
     <span class='ocr_line' id='line_1_29' title="bbox 267 3690 1266 3783; baseline -0.001 -24"><span class='ocrx_word' id='word_1_197' title='bbox 267 3691 423 3778; x_wconf 80' lang='grc' dir='ltr'><strong><em>ἐρύθηνε,</em></strong></span> <span class='ocrx_word' id='word_1_198' title='bbox 440 3692 492 3760; x_wconf 90' lang='lat' dir='ltr'><strong>IV</strong></span> <span class='ocrx_word' id='word_1_199' title='bbox 504 3693 571 3759; x_wconf 89' lang='grc'><strong>474</strong></span> <span class='ocrx_word' id='word_1_200' title='bbox 581 3694 647 3782; x_wconf 89' lang='lat' dir='ltr'><strong>Ap.</strong></span> <span class='ocrx_word' id='word_1_201' title='bbox 660 3717 722 3782; x_wconf 86' lang='lat' dir='ltr'><strong>pro</strong></span> <span class='ocrx_word' id='word_1_202' title='bbox 736 3715 775 3761; x_wconf 91' lang='lat' dir='ltr'><strong>eo</strong></span> <span class='ocrx_word' id='word_1_203' title='bbox 788 3693 879 3783; x_wconf 87' lang='lat' dir='ltr'><strong>quod</strong></span> <span class='ocrx_word' id='word_1_204' title='bbox 897 3696 950 3762; x_wconf 76' lang='lat' dir='ltr'><strong>est</strong></span> <span class='ocrx_word' id='word_1_205' title='bbox 969 3694 1109 3761; x_wconf 80' lang='lat' dir='ltr'><strong>rubrum</strong></span> <span class='ocrx_word' id='word_1_206' title='bbox 1123 3690 1266 3759; x_wconf 78' lang='lat' dir='ltr'>reddere</span> 
     </span>
     <span class='ocr_line' id='line_1_30' title="bbox 183 3808 1267 3897; baseline 0.001 -21"><span class='ocrx_word' id='word_1_207' title='bbox 183 3808 309 3897; x_wconf 76' lang='lat' dir='ltr'><strong>posuit,</strong></span> <span class='ocrx_word' id='word_1_208' title='bbox 339 3809 436 3877; x_wconf 94' lang='lat' dir='ltr'><strong>Hom.</strong></span> <span class='ocrx_word' id='word_1_209' title='bbox 462 3809 659 3895; x_wconf 80' lang='grc' dir='ltr'><strong><em>ἐρυθαίνετο</em></strong></span> <span class='ocrx_word' id='word_1_210' title='bbox 690 3811 911 3896; x_wconf 76' lang='lat' dir='ltr'><strong>rubescebat3</strong></span> <span class='ocrx_word' id='word_1_211' title='bbox 945 3832 984 3878; x_wconf 88' lang='lat' dir='ltr'><strong>ac</strong></span> <span class='ocrx_word' id='word_1_212' title='bbox 1007 3809 1110 3876; x_wconf 88' lang='lat' dir='ltr'><strong>simili</strong></span> <span class='ocrx_word' id='word_1_213' title='bbox 1132 3808 1267 3877; x_wconf 76' lang='lat' dir='ltr'><strong>ratione</strong></span> 
     </span>
     <span class='ocr_line' id='line_1_31' title="bbox 179 3925 1269 4013; baseline 0 -20"><span class='ocrx_word' id='word_1_214' title='bbox 179 3926 395 3995; x_wconf 78' lang='lat' dir='ltr'><strong>Homericam</strong></span> <span class='ocrx_word' id='word_1_215' title='bbox 428 3926 572 3995; x_wconf 81' lang='lat' dir='ltr'><strong>formam</strong></span> <span class='ocrx_word' id='word_1_216' title='bbox 605 3927 686 3994; x_wconf 78' lang='lat' dir='ltr'><strong>intr.</strong></span> <span class='ocrx_word' id='word_1_217' title='bbox 717 3927 871 4013; x_wconf 85' lang='grc' dir='ltr'><strong><em>θέρομαι,</em></strong></span> <span class='ocrx_word' id='word_1_218' title='bbox 908 3926 1047 4011; x_wconf 83' lang='grc' dir='ltr'><strong><em>οε1εεοο,</em></strong></span> <span class='ocrx_word' id='word_1_219' title='bbox 1081 3925 1269 3994; x_wconf 76' lang='lat' dir='ltr'><strong>transitiva</strong></span> 
     </span>
     <span class='ocr_line' id='line_1_32' title="bbox 179 4041 1266 4130; baseline -0.001 -20"><span class='ocrx_word' id='word_1_220' title='bbox 179 4043 278 4110; x_wconf 78' lang='lat' dir='ltr'><strong>auxit</strong></span> <span class='ocrx_word' id='word_1_221' title='bbox 299 4043 405 4130; x_wconf 81' lang='grc' dir='ltr'><strong><em>θέρον</em></strong></span> <span class='ocrx_word' id='word_1_222' title='bbox 427 4043 490 4126; x_wconf 90' lang='lat' dir='ltr'><strong>IV,</strong></span> <span class='ocrx_word' id='word_1_223' title='bbox 515 4043 615 4110; x_wconf 84' lang='lat'>1312:</span> <span class='ocrx_word' id='word_1_224' title='bbox 640 4042 745 4129; x_wconf 82' lang='grc' dir='ltr'><strong><em>θέρον</em></strong></span> <span class='ocrx_word' id='word_1_225' title='bbox 769 4042 867 4128; x_wconf 80' lang='grc' dir='ltr'><strong><em>αὐγαὶ</em></strong></span> <span class='ocrx_word' id='word_1_226' title='bbox 889 4045 1004 4129; x_wconf 79' lang='grc' dir='ltr'><strong><em>ηεὶίον</em></strong></span> <span class='ocrx_word' id='word_1_227' title='bbox 1026 4044 1158 4128; x_wconf 87' lang='grc' dir='ltr'><strong><em>Λιβύην</em></strong></span> <span class='ocrx_word' id='word_1_228' title='bbox 1180 4041 1266 4127; x_wconf 79' lang='lat' dir='ltr'><strong>(Nic.</strong></span> 
     </span>
     <span class='ocr_line' id='line_1_33' title="bbox 180 4158 1268 4248; baseline -0.002 -20"><span class='ocrx_word' id='word_1_229' title='bbox 180 4160 230 4228; x_wconf 81' lang='lat' dir='ltr'><strong>th.</strong></span> <span class='ocrx_word' id='word_1_230' title='bbox 248 4160 334 4246; x_wconf 91' lang='grc'><strong>687),</strong></span> <span class='ocrx_word' id='word_1_231' title='bbox 351 4159 606 4229; x_wconf 80' lang='lat' dir='ltr'><strong>calefaciebant.</strong></span> <span class='ocrx_word' id='word_1_232' title='bbox 653 4159 782 4244; x_wconf 80' lang='lat' dir='ltr'><strong>Quibus</strong></span> <span class='ocrx_word' id='word_1_233' title='bbox 804 4160 841 4226; x_wconf 90' lang='lat' dir='ltr'><strong>in</strong></span> <span class='ocrx_word' id='word_1_234' title='bbox 864 4162 1027 4248; x_wconf 75' lang='lat' dir='ltr'><strong>quattuor</strong></span> <span class='ocrx_word' id='word_1_235' title='bbox 1043 4159 1179 4229; x_wconf 74' lang='lat' dir='ltr'><strong>novatis</strong></span> <span class='ocrx_word' id='word_1_236' title='bbox 1197 4158 1268 4226; x_wconf 83' lang='lat' dir='ltr'><strong>for-</strong></span> 
     </span>
    </p>
   </div>
   <div class='ocr_carea' id='block_1_3' title="bbox 191 4276 1270 4367">
    <p class='ocr_par' dir='ltr' id='par_1_11' title="bbox 191 4276 1270 4367">
     <span class='ocr_line' id='line_1_34' title="bbox 191 4276 1270 4367; baseline 0.001 -21"><span class='ocrx_word' id='word_1_237' title='bbox 191 4276 254 4346; x_wconf 90' lang='lat' dir='ltr'><strong>mis</strong></span> <span class='ocrx_word' id='word_1_238' title='bbox 277 4300 378 4347; x_wconf 87' lang='lat' dir='ltr'><strong>unum</strong></span> <span class='ocrx_word' id='word_1_239' title='bbox 401 4277 606 4367; x_wconf 81' lang='lat' dir='ltr'><strong>eandemque</strong></span> <span class='ocrx_word' id='word_1_240' title='bbox 628 4277 858 4367; x_wconf 81' lang='lat' dir='ltr'><strong>cognoscimus</strong></span> <span class='ocrx_word' id='word_1_241' title='bbox 880 4299 968 4346; x_wconf 87' lang='lat' dir='ltr'><strong>rem:</strong></span> <span class='ocrx_word' id='word_1_242' title='bbox 999 4281 1102 4366; x_wconf 78' lang='lat' dir='ltr'><strong>poeta</strong></span> <span class='ocrx_word' id='word_1_243' title='bbox 1125 4276 1183 4366; x_wconf 91' lang='lat' dir='ltr'><strong>qui</strong></span> <span class='ocrx_word' id='word_1_244' title='bbox 1204 4276 1270 4347; x_wconf 89' lang='lat' dir='ltr'><strong>sin-</strong></span> 
     </span>
    </p>
   </div>
   <div class='ocr_carea' id='block_1_4' title="bbox 0 0 1440 4942">
    <p class='ocr_par' dir='ltr' id='par_1_12' title="bbox 0 0 1440 4942">
     <span class='ocr_line' id='line_1_35' title="bbox 0 0 1440 4942; baseline 0 0"><span class='ocrx_word' id='word_1_245' title='bbox 0 0 1440 4942; x_wconf 95' lang='lat' dir='ltr'><strong> </strong></span> 
     </span>
    </p>
   </div>
  </div>
 </body>
</html>
