2842 4942
684 363 726 430 65

163 537 289 606 zuriiolr
310 539 358 617 εἰς
371 537 584 625 und-pssd“).
629 538 756 623 Quodsi
770 537 946 628 Apollonii
966 562 1029 609 usu
1052 538 1247 630 comparato

163 653 252 723 idem
274 655 496 743 cognoscitur,
528 655 591 723 huo
621 656 695 745 ipsc
722 679 759 725 re
782 656 834 724 ius
856 659 1127 747 potestatemque
1150 656 1249 728 nobis¹

163 770 279 839 dutum
301 792 374 840 esse
397 773 636 861 comprobatur
658 772 819 840 metiendi
842 772 957 841 eedem
978 795 1143 856 mensura,
1167 773 1248 841 duni·

162 887 260 957 modo
283 892 376 958 recte
398 889 609 974 adhibeatur,
641 895 677 958 et
699 889 891 979 pedestrem
915 894 951 959 et
973 891 1100 982 epicam
1123 913 1247 959 sermo-

163 1029 246 1074 nem.
292 1006 340 1074 Et
361 1007 503 1090 restant,
528 1007 660 1075 omissis
676 1007 911 1097 decompositis
934 1008 1092 1096 εἰσανέχω
1109 1011 1144 1076 et
1160 1009 1247 1075 seeo-

164 1126 324 1209 ποβαίνω,
354 1126 397 1191 ab
418 1122 565 1192 Homero
588 1124 701 1192 alienu
723 1125 908 1212 compositu
931 1129 1094 1213 quattuor
1118 1127 1249 1208 (contra

164 1240 205 1307 15
227 1238 436 1329 Homericu):
471 1243 620 1327 εἰσαφύω
649 1241 712 1327 IV,
738 1243 822 1310 1692
845 1244 937 1331 ὕδωρ
959 1244 986 1309 τ’
1012 1245 1247 1329 εἰσαφύσαντο,

165 1380 237 1424 cum
273 1358 419 1426 Homero
451 1357 568 1426 ecdem
596 1359 735 1428 notione
766 1359 907 1448 simplex
938 1360 1140 1428 suffecisset:
1173 1360 1250 1427 085

163 1474 217 1541 καὶ
241 1476 453 1563 dpdcoopsd'
477 1478 587 1565 ddum
612 1477 936 1563 sdcovdpdu1,874;
961 1480 1073 1545 εἰσαίω
1090 1482 1144 1562 (=
1161 1478 1249 1544 εἰσα-

164 1594 277 1679 κούω.)
291 1594 389 1664 velut
402 1594 541 1663 Theocr.
566 1600 645 1662 Θαλ.
662 1595 720 1680 88;
745 1616 787 1661 ex
802 1593 921 1683 quibus
937 1617 1038 1662 unum
1060 1594 1183 1662 usitati
1198 1596 1251 1663 est

164 1710 334 1795 sermome,
351 1711 524 1796 εἰσβάλλω.
570 1711 698 1797 Quibus
713 1711 859 1778 numeris
876 1711 1065 1800 opponendi
1080 1712 1158 1779 sunt
1174 1711 1249 1780 alii:

165 1849 238 1894 cum
259 1849 342 1895 voce
364 1827 433 1894 ἐπι·
456 1826 604 1895 formata
627 1826 809 1916 composite
835 1826 1019 1914 usurpavit
1039 1828 1104 1916 Ap.
1127 1825 1250 1896 Home-

164 1943 234 2012 ricc
249 1944 301 2027 90,
326 1945 367 2010 eb
383 1943 529 2011 Homero
554 1944 664 2011 odiens
677 1944 729 2026 59,
755 1966 796 2011 ex
811 1943 930 2031 quibus
945 1944 1019 2032 ipse
1033 1945 1176 2013 novavit
1189 1944 1250 2032 423

164 2058 266 2126 iidem
279 2058 413 2126 numeri
427 2060 519 2127 vocis
543 2061 618 2127 ἀνα·
643 2062 722 2128 sunt
737 2059 932 2143 41:35111;
956 2059 1037 2129 duo·
1051 2061 1180 2127 48:24:
1192 2060 1250 2147 123

166 2177 235 2243 droc-
268 2176 443 2261 21:1o:9;
468 2195 557 2262 ovo,
592 2198 691 2266 quem
724 2200 839 2246 vocem
873 2177 980 2264 magis
1014 2177 1187 2265 magisque
1216 2176 1252 2244 in

165 2293 276 2362 verbis
300 2294 534 2383 componendis
557 2294 744 2362 adhibitum
766 2316 838 2362 esse
860 2293 990 2378 seimus,
1015 2294 1200 2361 12:19:10.

254 2410 323 2479 Sed
345 2434 419 2478 cum
448 2410 530 2495 μετά
559 2433 664 2478 novus
688 2410 938 2479 coniunctiones
960 2411 1117 2478 non'icm
1138 2410 1252 2478 iniisse

169 2525 292 2610 dieunt,
328 2527 415 2616 apud
445 2527 664 2616 Apollonium
697 2528 789 2595 inter
821 2529 864 2595 28
887 2549 908 2595 u
929 2552 1023 2613 μετα·
1057 2526 1254 2616 incipientia

167 2645 353 2732 composita
385 2667 506 2713 novem
540 2668 626 2733 quae
667 2668 735 2714 non
777 2647 857 2713 sunt
890 2644 1069 2713 Homerica
1106 2646 1252 2714 exstent.

169 2760 264 2844 Quae
294 2761 387 2829 inter
426 2785 460 2830 se
499 2784 687 2851 repugnare
725 2762 894 2831 videntur.
954 2761 1020 2830 Sed
1051 2760 1253 2849 Apollonius

168 2877 250 2966 ipse,
281 2879 339 2967 qui
360 2880 443 2964 μετά
467 2879 557 2967 apud
578 2878 760 2946 Homerum
788 2878 967 2967 permultis
996 2877 1079 2946 loeis
1107 2900 1169 2966 pro
1202 2877 1255 2945 sui

168 2993 274 3082 ipsius
290 2995 453 3064 sermonis
469 3018 551 3065 voce
567 2997 631 3062 σύν
647 2996 793 3083 positum
808 3018 880 3064 esse
894 2994 984 3063 houd
1004 2994 1188 3083 ignoraret,
1213 3016 1255 3061 ex

168 3110 228 3180 isso
243 3134 381 3181 numero
398 3115 474 3182 octc
489 3113 646 3180 novavit:
671 3117 850 3197 μετακλείω
866 3112 914 3196 Π,
925 3112 989 3179 296
1002 3111 1253 3198 (μετονομάζω);

169 3229 380 3315 perui-ddum)
402 3229 469 3312 ΠΙ,
492 3230 573 3316 414;
597 3228 862 3317 μετατρέφεσθαι
885 3229 1175 3316 (συντρέφεσθαι);
1199 3252 1254 3314 με·

170 3345 328 3431 vasseto
351 3345 378 3429 Ι,
403 3346 504 3433 1161;
537 3347 852 3433 μεταπαιφάσσομαι
875 3346 939 3430 ΠΙ,
967 3345 1068 3429 1266;
1092 3368 1256 3431 posueruu-

170 3461 246 3529 πάω
263 3462 329 3547 ΙΠ,
346 3463 425 3548 297;
451 3463 670 3550 μεταχάζομαι
692 3462 759 3546 ΙΙΙ,
775 3463 856 3549 436;
880 3462 1067 3549 μετεννέπω
1090 3462 1154 3546 ΙΠ,
1171 3461 1257 3529 1168

170 3577 226 3666 (cf.
253 3579 378 3648 Mosoh.
402 3583 485 3668 Εὐρ.
509 3579 603 3667 101);
639 3602 724 3669 quue
747 3579 858 3648 omnic
879 3579 1012 3669 poetica
1034 3601 1107 3647 esse
1130 3578 1255 3665 clucet3

171 3694 259 3784 quod
291 3699 403 3766 restat
433 3720 534 3765 unum
567 3696 734 3784 μετέστιχε
765 3695 985 3781 111,451ab
1018 3694 1094 3762 aliis
1125 3716 1257 3783 quoque

171 3812 283 3902 poetis
305 3812 494 3881 adhibitum
515 3817 577 3882 est.

259 3929 313 3999 Ac
339 3930 498 3999 similiter
528 3954 599 3999 rem
633 3954 668 3999 se
689 3931 727 3998 iu
747 3930 859 3999 verbis
883 3952 956 3998 cum
987 3927 1150 3998 vcodbulo
1173 3926 1262 4013 ἀμφί

177 4046 372 4136 compositis
396 4047 520 4118 hebere
542 4047 643 4116 facile
666 4047 910 4136 cognoscimus3
940 4049 980 4114 ut
1001 4045 1088 4113 enim
1109 4067 1172 4134 pro
1196 4045 1260 4112 σύν

1027 4163 1050 4232 5
