2842 4942
691 359 735 424 27

254 535 283 619 I,
306 534 371 602 479
399 535 496 601 ἄλλοι
524 540 630 619 μῦθοι
658 534 730 599 ἔασι
762 536 956 618 παρήγοροι,
989 526 1058 600 οἷσί
1079 555 1142 618 περ
1166 532 1251 619 ἀνὴρ

164 653 335 739 θαρσύνοι
351 651 478 735 ἕταρον.
513 648 712 739 Optativum
726 653 819 719 recte
840 649 1025 738 explicavit
1036 649 1253 719 Welleuerus

165 769 293 837 collato
315 768 388 837 loco
405 766 573 835 simillimo
596 766 657 852 IV,
673 766 757 834 1719
780 765 875 854 ῥέζον
891 767 924 833 d’
944 767 1028 833 ὅσσα
1043 788 1105 852 περ
1129 769 1251 852 ἄνδρες

166 885 308 973 ἐρημαίῃ
331 887 381 952 ἔνι
405 884 510 971 ῥέζειν
530 883 535 971 Ι
555 884 638 972 ἀκτῇ
668 883 925 970 ἕῳοπλίσσειαν;
955 883 1077 951 omissa
1099 886 1154 953 est
1175 905 1252 972 par·

168 1003 277 1070 ticule
298 1005 350 1085 ἄν,
384 1000 482 1070 velut
508 1001 640 1089 saepius
663 1001 700 1068 in
720 1000 878 1084 Homero,
913 1002 1045 1090 saepius
1074 1002 1110 1068 in
1131 1000 1253 1086 Arato,

166 1119 261 1187 cuius
296 1118 449 1207 exemplu
481 1117 621 1204 collegit
655 1116 821 1186 Meessius
855 1122 897 1202 (τ.
930 1142 963 1187 v.
995 1119 1047 1202 76,
1081 1119 1145 1200 96,
1166 1117 1253 1205 248).

166 1235 423 1305 Attractionern
445 1238 560 1304 nutem
581 1235 757 1302 modorum
771 1256 872 1323 quam
894 1234 1041 1319 dicimus,
1066 1257 1087 1303 u
1111 1234 1252 1304 Graccis

166 1375 298 1442 semper
321 1353 492 1436 usitatum,
527 1352 715 1421 invenimus
750 1353 841 1441 apud
869 1352 1089 1441 Apollonium
1121 1375 1253 1441 qnoque

165 1470 233 1553 III,
257 1470 322 1536 788
345 1474 507 1554 τεθναίην
521 1470 680 1557 αὐτῆμαρ,
704 1466 748 1536 ὅτ’
774 1470 964 1551 ἐξανύσειεν
987 1471 1113 1537 ἄεθλον
1129 1474 1165 1539 et
1182 1470 1250 1556 IH,

165 1586 252 1654 1112
274 1588 369 1653 ἔλθοι
395 1625 432 1636 -
458 1589 598 1672 ίίννελος
620 1589 722 1672 ὄρνις,
746 1587 789 1654 ὅτ’
816 1586 1011 1655 ἐκλελάθοιο
1034 1588 1132 1673 ἐμεῖο.

252 1703 399 1772 Casuum
420 1727 438 1772 e
461 1703 574 1773 verbis
597 1704 815 1793 pendentium
837 1727 934 1772 usum
954 1707 1150 1794 comparato
1173 1704 1243 1771 H0-
1290 1699 1309 1784 ἓ
1332 1700 1363 1767 9.

163 1821 288 1890 merico
319 1821 348 1888 si
370 1824 570 1910 spectamus,
600 1822 664 1890 hoc
693 1824 747 1890 cst
775 1822 1004 1910 quaerendum
1031 1845 1112 1889 num
1134 1844 1153 1890 e
1174 1844 1250 1911 per-

164 1938 281 2007 multis
306 1941 415 2023 rebus,
447 1939 568 2027 quibus
589 1939 655 2027 Ap.
679 1938 809 2006 recedit
831 1942 873 2007 ab
895 1939 1053 2023 Homero,
1078 1940 1247 2027 congestis

163 2056 321 2145 interque
353 2078 390 2125 se
421 2055 624 2145 comparatis
655 2079 825 2124 commune
855 2055 984 2144 aliquid
1017 2062 1249 2144 cognoscatur.

164 2173 309 2262 Singula
332 2173 429 2258 enim,
461 2196 546 2263 quus
569 2172 852 2243 Linsenburthius
862 2174 886 2262 1)
910 2174 1059 2262 collegit,
1083 2174 1170 2241 nihil
1191 2174 1250 2242 ha-

163 2294 243 2360 bere
265 2293 426 2359 momenti
441 2292 556 2360 elucet
570 2313 612 2360 ex
626 2292 700 2380 ipso
722 2291 814 2359 illius
831 2292 1001 2380 opusculo,
1027 2293 1084 2381 qui
1107 2292 1251 2360 collecte

166 2430 276 2497 neque
304 2407 461 2496 digerere
489 2431 598 2498 neque
631 2408 799 2498 explicare
828 2412 968 2477 conotus
999 2408 1055 2476 sit.
1101 2410 1251 2498 Collegit

165 2529 281 2594 temen
303 2547 429 2594 summe
450 2525 619 2594 industrie
640 2526 693 2594 ita
707 2528 747 2593 ut
768 2525 854 2593 nihil
868 2526 943 2594 fere
967 2527 1159 2614 omitteret,
1184 2550 1250 2617 quo

165 2643 208 2711 de
229 2664 330 2711 conse
349 2642 442 2711 illius
466 2643 626 2731 exemplis
648 2644 816 2728 nituntur,
840 2665 926 2733 quac
949 2647 1144 2732 sequuntur.

252 2760 305 2827 Ac
326 2760 472 2849 primum
494 2761 628 2849 quidem
650 2760 760 2830 dativi
786 2784 893 2845 usum,
925 2763 1091 2850 quatenus
1115 2763 1156 2830 nb
1180 2762 1249 2830 Ho-

164 2877 289 2944 merica
311 2876 500 2945 elocutione
523 2877 714 2961 obhorrent,
744 2877 959 2966 inspicientes
981 2877 1075 2963 nihil,
1100 2879 1128 2946 si
1151 2879 1247 2946 omit-

164 2993 268 3062 timus
291 2994 465 3083 porticipii
480 2997 689 3062 structurum
711 3017 851 3084 prorsus
868 2995 1067 3084 pedestrem,
1092 3017 1178 3085 quae
1193 3019 1248 3064 ex·
1389 3086 1392 3091 ρ

164 3114 238 3179 stat
266 3111 314 3195 H,
338 3112 403 3178 364
435 3113 700 3198 περιγνάμψαντι
720 3113 725 3200 Ι
745 3116 849 3190 πολὺς
878 3112 1111 3199 παρακέκλιται
1136 3152 1176 3163 -
1200 3116 1249 3180 αί-

164 3230 288 3314 γιαλός,
313 3228 511 3314 invenimus,
533 3229 623 3317 quod
637 3229 761 3298 usitati
783 3235 837 3298 est
860 3229 1032 3298 sermonis.
1077 3229 1250 3299 Nonnulla

164 3347 280 3412 tumen
304 3346 412 3414 verba
433 3346 528 3434 epicn
550 3349 593 3414 eb
614 3345 762 3434 Homero
786 3346 940 3414 absolute
963 3347 1085 3434 posite,
1116 3354 1248 3432 νηθεῖν,

164 3463 295 3547 ἡπύειν,
318 3463 526 3548 θηριοίεσθαι,
550 3463 705 3548 ὁμαρτεῖν
719 3486 812 3531 more
827 3487 1094 3552 synonymorum
1110 3468 1248 3551 χαίρειν,

163 3582 249 3664 βοᾶν
271 3579 371 3667 (Xen.
395 3600 448 3647 an.
471 3580 500 3664 I,
516 3580 547 3663 8,
565 3581 606 3648 12
618 3603 626 3664 ;
651 3580 716 3668 19),
739 3587 908 3666 πολεμεῖν,
930 3581 1073 3648 ἕπεσθαι
1096 3581 1249 3650 dativum

163 3690 363 3778 adsciscunt,
401 3698 443 3763 ut
479 3696 547 3764 ium
583 3697 673 3784 apud
709 3696 893 3765 Hesiodum
931 3697 1083 3786 aliosque
1120 3701 1247 3784 poetas.

163 3810 378 3879 Homericum
401 3815 516 3882 nutem
540 3836 648 3902 genus
668 3813 800 3882 dicendi
821 3814 958 3882 imitans
975 3814 1063 3900 ἀμφί
1081 3836 1156 3881 cum
1178 3815 1247 3882 dat.

163 3951 225 4017 pro
249 3932 327 4017 περί
355 3951 430 3997 cum
458 3953 532 4019 gen.
554 3931 653 4019 ponit
673 3931 737 4015 IV,
762 3931 846 3998 1333
870 3929 955 4016 ἀμφὶ
980 3929 1016 3996 δὲ
1042 3934 1151 4018 νόστῳ
1174 3933 1247 3998 οὔτι

162 4045 238 4130 μάλ’
273 4046 412 4133 ἀντικρὺ
448 4047 533 4115 νοέω
571 4049 683 4135 φοίτιν.
727 4048 822 4116 Idem
856 4047 1071 4115 Homericum
1104 4046 1248 4116 colorem

257 4200 284 4268 1)
302 4199 345 4254 De
363 4200 504 4270 Apollonii
515 4201 567 4257 Rh.
583 4217 696 4259 casuum
714 4201 824 4275 syntaxi
843 4205 1002 4274 comparato
1021 4215 1074 4257 usu
1092 4200 1245 4258 Homerico.

163 4297 236 4354 Dius.
256 4297 333 4372 Lips.
354 4302 431 4359 1887.
