2842 4942
472 1359 758 1430 PROOEMIUM.

122 1474 239 1560 QUOS
261 1473 440 1544 POETAS
464 1475 757 1546 APOLLONIUS
776 1475 1003 1547 IMITA'PUS
1026 1476 1108 1546 SIT.

159 1651 212 1719 De
235 1651 320 1740 epici
351 1652 492 1720 alicuius
518 1652 642 1722 Graeci
674 1652 862 1721 elocutione
893 1652 1074 1721 disserenti
1095 1652 1158 1720 hoc

74 1767 216 1855 primum
234 1768 532 1838 demonstrandum
552 1791 636 1855 esse,
659 1793 800 1859 quorum
815 1773 995 1859 poetarum
1009 1768 1159 1856 vestigia

72 1884 131 1952 ille
154 1886 329 1974 presserit,
352 1908 449 1954 nemo
471 1887 662 1974 negaverit.
708 1887 916 1975 Quamquam
934 1886 1022 1954 enim
1045 1908 1157 1954 omnes

73 2002 115 2068 ab
138 2000 279 2069 Hesiodi
301 2025 408 2091 usque
425 2003 469 2070 ed
482 2003 597 2073 Nonni
618 2007 773 2093 tempora
795 2003 880 2092 epici
894 2003 931 2073 vi
954 2007 989 2072 et
1011 2002 1158 2071 auetori-

73 2122 148 2186 tate
170 2118 370 2188 Homericae
393 2118 592 2189 elocutionis
617 2121 699 2189 adeo
731 2122 946 2205 tenebantur,
978 2123 1017 2188 ut
1047 2119 1158 2208 poesis

73 2235 167 2323 epica
179 2237 320 2305 Homeri
335 2260 489 2306 sermone
504 2237 618 2306 soluta
634 2238 766 2305 omnino
781 2261 849 2305 non
864 2239 1028 2322 exstaret,
1044 2240 1159 2305 tamen

73 2351 158 2421 alios
183 2375 314 2442 quoque
337 2353 397 2421 alii
417 2354 547 2422 imitati
562 2360 641 2423 sunt
657 2357 693 2422 et
710 2353 798 2422 sicut
814 2376 869 2423 res
892 2354 1040 2424 studium
1061 2358 1158 2423 aetas

72 2470 302 2558 postulabant,
327 2473 424 2541 modo
446 2472 534 2540 huno
556 2471 654 2540 modo
676 2471 782 2557 illum,
805 2494 903 2560 quem
926 2474 1158 2561 sequerentur,

72 2587 322 2676 praetulerunt,
366 2593 407 2658 ut
440 2589 623 2656 Hesiodum
644 2587 788 2673 Aratus,
828 2588 1067 2657 Antimachum
1097 2588 1159 2658 Ni-

73 2704 207 2789 cander,
231 2705 450 2794 Apollonium
472 2705 657 2793 Dionysius
678 2712 713 2774 et
729 2705 1050 2793 Argonauticorum,
1073 2726 1159 2794 quae

77 2820 224 2908 Orphica
239 2826 415 2906 vocantur,
440 2825 571 2890 auctor.
616 2822 689 2890 Hoc
713 2821 801 2890 euim
823 2822 998 2912 proprium
1019 2843 1158 2910 poeseos

74 2938 190 3027 epicae
213 2937 429 3023 Graecorum,
461 2942 503 3007 ut
525 2940 621 3028 quasi
643 2938 767 3008 fluvius
790 2938 968 3007 continuus
990 2938 1087 3006 nobis
1109 2937 1160 3007 vi·

73 3056 206 3140 deatur,
239 3056 393 3144 quicum
416 3078 458 3123 ex
479 3056 648 3124 uberrimo
681 3056 777 3125 fonte
808 3056 1033 3146 profluxisset,
1066 3077 1159 3122 num-

73 3193 172 3260 quam
195 3172 379 3241 exhaustus
396 3171 548 3240 omnibus
571 3174 761 3265 augebatur
779 3172 864 3242 rivis
888 3173 946 3262 qui
967 3173 1034 3263 ipsi
1056 3194 1098 3241 ex
1120 3195 1158 3241 eo

74 3293 174 3358 erant
196 3288 354 3357 derivati.

160 3404 326 3474 Fontibus
354 3404 464 3493 igitur
487 3405 630 3474 detectis
654 3405 873 3493 Apollonium
895 3404 1064 3475 Rhodium
1085 3407 1160 3474 fere

74 3520 219 3591 omnium
251 3544 394 3611 quorum
429 3521 527 3590 nobis
561 3524 624 3608 ἔπη
658 3521 792 3590 tradita
824 3525 913 3608 sunt,
951 3523 1160 3591 imitatorem

75 3660 110 3706 se
126 3640 290 3727 praebere
306 3639 468 3707 videmus.
514 3638 581 3723 Qui
600 3661 674 3707 cum
695 3638 797 3728 longe
819 3639 962 3707 maxime
976 3639 1161 3705 Homerum

73 3755 228 3823 imitatus
261 3755 316 3841 sit,
348 3756 400 3825 ita
430 3759 470 3824 ut
500 3779 574 3824 eum
603 3754 820 3824 Homericum
850 3755 960 3826 videri
991 3754 1160 3823 studuisse

73 3871 290 3942 manifestum
309 3872 356 3941 sit
366 3872 400 3960 ¹),
423 3876 538 3941 tamen
554 3896 596 3941 ex
610 3873 728 3942 multis
744 3873 820 3942 aliis
834 3873 942 3942 verba
963 3871 1028 3939 sibi
1051 3892 1160 3939 arces·

75 3988 167 4074 sivit,
193 3989 286 4058 cuius
304 3989 356 4059 rei
367 3989 437 4060 viri
449 3990 539 4059 docti
560 3989 648 4060 haud
667 4012 775 4080 pauca
793 3987 1159 4079 exemplaattulerunt,

168 4214 194 4284 1)
215 4211 349 4285 inspicias
367 4213 448 4271 velim
473 4229 515 4285 eu,
540 4228 611 4284 quse
629 4212 780 4272 Merkeiius
797 4212 827 4270 in
844 4211 924 4283 proli.
943 4228 970 4282 p.
988 4210 1106 4270 XXXVI
1123 4225 1160 4268 ss.

77 4313 221 4386 congessit
1153 4314 1156 4321 '

930 4416 952 4486 l
1048 4363 1051 4372 k
