2842 4942
791 304 835 370 40

268 481 415 549 carmine
437 501 511 547 cum
531 470 691 567 legantur
711 478 827 563 verba,
857 497 943 566 quae
963 477 1031 544 iam
1052 477 1089 543 in
1111 472 1253 544 Hesiodi
1275 497 1356 565 poc·

268 598 368 665 matis
390 597 589 685 hymnisque
606 597 662 686 qui
678 596 847 680 dicuntur,
862 594 1050 663 Homericis
1065 596 1215 678 exstant,
1238 596 1358 661 tamen

269 719 405 804 poetam
427 713 480 781 his
502 713 617 782 verbis
639 714 815 801 usurpatis
838 713 975 780 illorum
997 713 1240 779 auctoritatem
1265 732 1361 779 secu-

268 835 343 899 tum
365 853 436 898 esse
459 831 592 897 minime
615 831 754 919 probari
783 832 916 917 potest;
948 832 1029 896 sunt
1052 832 1165 897 autem
1187 829 1297 896 verba
1319 829 1361 895 ab

268 948 336 1016 illis
359 948 469 1037 poetis
492 947 609 1036 primis
631 948 754 1035 posita,
778 946 898 1014 deinde
919 946 1008 1035 apud
1023 946 1148 1014 multos
1172 945 1362 1034 scriptores

270 1066 440 1132 exstantia
462 1065 561 1132 haec:

316 1182 459 1270 οιίωρέωτ
483 1183 562 1248 Hes
588 1181 639 1249 So.
664 1181 738 1263 225,
761 1181 841 1267 234,
865 1183 931 1270 Ap.
954 1182 983 1265 Ι,
1006 1181 1087 1266 639,
1111 1180 1173 1264 IV,
1197 1179 1301 1247 1687.

313 1300 404 1383 ἄρδω
426 1297 458 1364 h.
481 1299 578 1365 Hom.
602 1298 663 1382 IX,
688 1299 722 1384 3,
747 1298 809 1382 IV,
834 1299 907 1364 270.

313 1416 404 1500 ἀρύω
428 1414 508 1482 Hes.
533 1414 585 1482 So.
609 1414 688 1501 301,
713 1415 780 1499 ΙΙΙ,
805 1415 900 1481 1015.

314 1534 473 1616 δειμαίνω
495 1531 527 1597 h.
550 1531 650 1600 Mora.
672 1532 752 1617 407,
776 1532 840 1614 IV,
864 1532 937 1598 796.

315 1651 446 1733 δίζημαι
469 1648 548 1715 Hes
574 1671 626 1736 op.
651 1649 731 1733 603,
754 1649 783 1733 Ι,
807 1650 909 1734 1303,
933 1649 995 1733 IV,
1020 1649 1094 1715 508.

312 1763 418 1850 κλῄζω
440 1763 473 1830 h.
496 1764 593 1830 Hom.
616 1765 747 1847 XXXI,
765 1765 821 1850 18,
845 1766 914 1849 ΙΙΙ,
932 1765 1013 1849 993,
1037 1764 1210 1853 passivum
1232 1785 1297 1854 pro
1326 1789 1364 1834 eo

403 1881 492 1968 quod
515 1884 569 1948 est
592 1882 760 1970 appellari
782 1880 843 1966 IV,
867 1883 942 1966 246,
966 1882 1040 1965 990,
1064 1881 1160 1965 1153,
1186 1881 1284 1949 1202.

314 1999 452 2082 πρῃύνω
475 2000 553 2065 Hes.
577 1998 627 2064 th.
651 1999 731 2085 254;
757 2022 809 2087 op.
832 1999 911 2085 799,
934 1998 961 2083 Ι,
987 1999 1066 2083 265,
1090 1997 1156 2082 ΙΠ,
1179 1997 1256 2065 891.

314 2116 447 2181 σκάπτω
469 2115 502 2181 h.
526 2115 627 2182 Mero.
652 2117 711 2200 90,
735 2117 763 2200 Ι,
788 2117 862 2183 370.

314 2234 438 2319 σπείρω
449 2231 527 2299 Hes.
539 2233 656 2299 crebro
668 2257 675 2318 ,
688 2232 754 2315 ΙΠ,
764 2234 865 2318 1055,
877 2232 1022 2299 medium
1034 2253 1095 2320 pro
1107 2234 1173 2300 aot.
1185 2232 1252 2316 ΙΠ,
1262 2232 1362 2300 1028.

317 2350 491 2433 φαιδρύνω
514 2348 593 2415 Hes
619 2371 670 2437 op.
695 2349 775 2434 733,
799 2349 865 2433 ΙΙΙ,
889 2350 963 2429 300,
986 2349 1061 2432 833,
1087 2347 1181 2415 1043.

313 2466 425 2552 χαλοίω
448 2466 480 2532 h.
503 2465 618 2554 Apoll.
643 2467 679 2552 6,
704 2465 731 2550 Ι,
756 2466 820 2532 744
844 2466 887 2533 ai.

313 2584 467 2670 χαράσσω
491 2583 572 2650 Hes,
596 2606 649 2670 op.
673 2583 753 2668 573,
777 2583 841 2666 IV,
866 2583 960 2649 1521.

358 2699 517 2767 Poeticae
540 2703 675 2767 tantum
699 2700 898 2768 elocutionis
922 2704 1002 2768 sunt
1026 2702 1132 2768 verba
1152 2698 1253 2766 haec:

316 2820 471 2902 θυμαίνω
495 2818 574 2884 Hes.
592 2817 643 2885 So.
660 2818 740 2901 262,
766 2816 866 2906 Soph.
884 2818 925 2883 fr.
945 2817 1018 2901 141,
1034 2818 1069 2901 4,
1093 2817 1156 2884 Ar.
1173 2819 1251 2885 nub.
1277 2817 1360 2903 610,

400 2932 466 3022 Ap.
490 2933 555 3002 Rh.
580 2935 645 3019 ΙΙΙ,
670 2936 764 3002 1326.

315 3053 441 3137 λοχεύω
465 3049 496 3115 h.
508 3051 610 3117 Mero.
624 3050 705 3136 230,
729 3051 813 3117 med.
827 3050 960 3138 Tragg3
979 3050 1007 3130 Ι,
1024 3050 1087 3116 762
1105 3050 1145 3116 ὃν
1160 3049 1362 3137 ἐλοχεύσατο

273 3173 372 3251 Γαῖα,
404 3189 470 3254 qua
501 3189 575 3234 oum
597 3190 717 3235 versus
748 3167 901 3236 clausula
923 3168 1078 3235 conferas
1101 3166 1186 3236 call.
1209 3165 1270 3249 IV,
1295 3168 1362 3234 326

272 3286 314 3370 ἣν
346 3284 533 3369 ἐίοχεύσαο,
570 3287 677 3370 Λητώ,
711 3286 770 3352 ubi
802 3289 916 3352 tamen
950 3286 1149 3370 λοχεύεσθαι
1183 3305 1257 3352 eam
1289 3285 1363 3353 vim

159 3451 163 3458 -
271 3402 384 3480 habet,
421 3423 519 3490 quam
551 3401 733 3490 Euripides
772 3403 885 3470 activo
923 3402 1103 3485 tribuerat,
1146 3401 1362 3486 „obstetricis

270 3542 408 3587 munere
430 3518 561 3606 fungi“.

359 3638 476 3720 φιτύω.
500 3635 645 3703 medium
669 3636 747 3704 Hes.
771 3636 820 3704 th.
837 3637 910 3720 986,
935 3636 1032 3704 velut
1053 3637 1118 3723 Ap.
1136 3635 1198 3718 IV,
1214 3635 1280 3702 807
1303 3635 1363 3722 (cf.

271 3753 395 3821 Mosoh.
419 3754 502 3840 Εὐρ.
528 3753 606 3838 160,
632 3752 716 3840 Opp.
740 3753 826 3840 Cyn.
851 3753 877 3834 Ι,
901 3754 951 3839 4),
983 3756 1049 3820 aot.
1072 3752 1206 3834 Platon,
1231 3750 1362 3841 Tragg.

273 3870 371 3954 Quod
394 3873 535 3937 verbum
558 3892 631 3936 cum
653 3869 718 3958 Ap.
736 3870 878 3938 Hesiodi
901 3893 997 3937 usum
1019 3870 1158 3937 imitans
1180 3890 1364 3956 usurpasse

271 3988 440 4071 videatur,
470 3987 655 4053 manifesta
681 3987 829 4054 imitatio
853 3974 907 4054 est
928 3987 1025 4055 verbi
1048 3988 1174 4053 δολόωε
1206 3985 1294 4073 Ηοε.
1310 3985 1363 4054 th.

272 4105 337 4171 494
359 4108 463 4190 Γαίης
485 4104 655 4191 ἐννεσίῃσι
678 4103 950 4191 πολυφραδέεσσι
974 4105 1157 4188 δολωθείς,

271 4221 333 4305 ΠΙ,
356 4221 420 4288 456
444 4222 547 4307 αὐτὰρ
572 4221 620 4305 ὄχ’
645 4222 858 4307 αἰνοτάτῃσιν
881 4222 1099 4308 ὑποσχεσίῃσι
1123 4221 1303 4306 δολωθείς,

271 4338 320 4427 Π,
343 4338 408 4408 948
429 4340 649 4426 ὑποσχεσίῃσι
671 4339 845 4416 δολωθείς.
