2842 4942
805 343 848 410 36

284 514 381 601 Quod
412 541 485 587 cum
514 518 575 588 alii
604 519 672 588 alia
700 519 840 588 notione
869 519 1036 606 usurpent
1058 516 1233 606 (plerique,
1265 513 1372 583 etiam

280 636 455 725 pedestres
490 637 684 726 scriptores,
719 637 768 706 sic
800 639 841 704 ut
875 636 972 705 Hom.
1008 637 1115 702 0277
1149 645 1293 721 γυναῖκα
1328 673 1370 683 -

281 756 479 840 μνηστεύειν
513 753 654 822 ἐθέλωσι
686 757 722 823 et
744 754 830 823 Call.
853 754 919 838 HI,
943 752 1031 842 265),
1065 751 1206 820 eundem
1239 749 1369 840 signifi-

281 873 394 938 catum
416 870 518 939 alicui
541 894 689 956 uxorem,
722 872 921 940 connubium
944 869 1129 959 quaerendi
1150 869 1254 937 habet
1276 866 1369 956 apud

277 987 473 1076 Euripidem
495 988 574 1078 Jph.
598 988 641 1057 Α.
664 989 729 1056 847
751 990 925 1076 μνηστεύω
948 989 1076 1074 sepone
1097 989 1201 1075 atque
1224 983 1368 1073 Apollo-

277 1103 369 1172 nium
389 1105 440 1189 II,
463 1106 526 1173 511
551 1106 726 1192 ἀεξηθέντι
749 1105 828 1174 θεαὶ
850 1107 957 1192 γύμον
981 1104 1217 1191 ἐμνήστευσαν.

365 1222 433 1290 Per
456 1222 692 1312 metaphoram
714 1223 819 1292 etiam
833 1224 939 1293 verbo
955 1223 1049 1311 epico
1073 1223 1109 1289 et
1131 1220 1240 1289 ionico
1262 1219 1366 1305 ἀμαλ-

277 1341 367 1407 aevu
390 1363 470 1408 usus
494 1343 549 1408 est
570 1339 598 1421 I,
611 1341 677 1407 834
693 1342 784 1408 ἴσκεν
800 1341 1038 1426 ἀμαλδύνουσα
1055 1343 1165 1426 φόνου
1179 1337 1291 1422 vitoe·
1307 1334 1366 1403 ubi

275 1461 370 1526 recte
392 1457 589 1526 scholiastes
604 1481 668 1546 pro
691 1481 730 1527 ec
754 1457 845 1546 quod
867 1461 921 1527 est
943 1457 1205 1544 ἀποκρύπτουσα
1228 1453 1364 1543 accipit,

276 1595 348 1641 cum
387 1575 519 1643 omnino
556 1573 610 1662 (M
625 1575 681 1660 183
705 1574 821 1664 Hipp.)
861 1573 1096 1663 corrumpendi
1135 1571 1366 1661 significatum

274 1691 407 1761 habeat.
455 1691 584 1776 Quibus
619 1692 733 1761 verbis
766 1715 870 1760 unum
904 1691 1010 1760 solum
1041 1693 1209 1777 μύρεσθαι
1239 1687 1364 1778 opponi

273 1811 398 1896 potest,
422 1808 511 1897 quod
527 1808 724 1897 Apollonius
748 1809 894 1898 proprie,
918 1809 1086 1876 Homerus
1103 1829 1235 1896 semper
1249 1808 1363 1874 trans-

273 1924 344 1992 late
365 1924 562 2013 usurpavit:
592 1924 656 2009 IV,
670 1926 734 1993 666
767 1927 879 2010 αἵματι
903 1927 939 1991 ot
959 1925 1109 2009 θάλαμοί
1129 1948 1163 1990 τε
1185 1921 1241 1989 καὶ
1264 1921 1363 2010 ἕρκεα

272 2042 380 2109 πάντα
395 2044 512 2127 δόμοιο
535 2044 703 2127 μύρεσθαι
721 2045 840 2109 δόκεον
856 2042 915 2130 (ll,
933 2042 1025 2128 372);
1050 2061 1250 2131 quamquam
1273 2039 1362 2107 enim

273 2181 404 2247 semper
419 2157 523 2226 flendi
544 2158 613 2227 vim
627 2157 725 2226 Hom.
741 2158 819 2228 huic
833 2160 936 2228 verbo
959 2158 1094 2243 tribuit,
1117 2157 1212 2225 illam
1234 2154 1362 2224 fluendi

271 2274 443 2343 notionem
457 2274 677 2364 principalem
693 2276 800 2343 fuisse
816 2276 1002 2345 uerisimile
1017 2275 1156 2345 videtur
1165 2300 1173 2360 ;
1197 2273 1233 2341 in
1248 2272 1359 2341 medic

271 2393 368 2481 quasi
399 2394 514 2482 posita
546 2397 600 2461 est
630 2393 808 2478 Hesiodea,
842 2393 933 2462 Soet.
959 2394 1021 2460 132
1051 2391 1184 2481 (ὀιστοὶ)
1216 2392 1359 2476 ὃάκρυσι

270 2520 378 2596 μῦρον
388 2509 421 2598 1).
488 2511 587 2578 Unde
620 2533 819 2599 progressus
851 2514 954 2600 poeta
983 2509 1079 2578 illam
1101 2508 1199 2578 verbi
1230 2507 1359 2596 signifi·

270 2626 436 2695 ontionem
464 2628 634 2697 invenerit
664 2629 820 2716 cognosci
842 2651 908 2696 non
937 2631 1063 2717 potest.
1108 2627 1182 2696 Iam
1205 2625 1294 2694 enim
1319 2649 1358 2694 eo

268 2743 493 2832 pervenimus,
526 2746 584 2812 ubi
615 2745 726 2814 altera
757 2768 838 2813 usus
870 2746 1054 2814 verborum
1091 2742 1217 2813 mutati
1255 2763 1360 2812 causa

269 2860 481 2950 respicienda
503 2863 565 2944 est,
590 2861 740 2929 studium
755 2861 890 2930 doctum
912 2863 996 2930 dico.
1041 2862 1117 2946 Qua
1132 2860 1173 2929 de
1188 2883 1228 2929 re
1244 2882 1358 2949 quarn-

270 3001 368 3066 quam
391 2978 446 3047 vir
468 2977 681 3047 doctissimus
704 2978 890 3047 Merkelius
923 3000 1049 3046 summa
1079 3001 1153 3045 cum
1176 2977 1360 3065 diligentia

268 3094 350 3181 egit,
373 3098 488 3163 tamen
510 3098 645 3163 restant
675 3095 765 3163 haud
796 3117 912 3184 pauca,
942 3119 1083 3185 quorum
1105 3095 1275 3164 rationem
1297 3093 1358 3162 mi-

265 3209 355 3279 nime
383 3211 631 3297 intellegamus.
678 3211 778 3295 Quod
808 3212 896 3280 enim
918 3211 1121 3302 Ap.11,56
1155 3213 1211 3279 ἵνα
1234 3216 1281 3298 μή
1300 3237 1357 3298 μοι

267 3326 426 3413 ἀτέμβηαι
448 3333 652 3413 μετόπισθεν
674 3332 710 3397 et
731 3329 798 3413 HI,
816 3330 857 3397 99
882 3330 1085 3416 ἀτεμβοίμην
1115 3329 1166 3397 εὀϊ
1186 3329 1271 3417 αὐτῇ
1295 3328 1356 3418 (II,

268 3443 363 3527 1199)
385 3445 490 3513 verbo
512 3445 688 3514 rarissimo
714 3445 917 3532 tripudiatur
939 3445 1160 3535 vituperandi
1181 3444 1357 3516 notionem

265 3560 415 3645 subiecit,
447 3583 518 3628 cum
541 3562 631 3650 apud
653 3562 837 3631 Homerum
860 3563 1016 3632 ‘activum
1038 3562 1126 3632 idem
1149 3585 1189 3631 ac
1209 3563 1356 3648 violare,

264 3698 304 3744 ac
324 3677 454 3766 privari
476 3677 648 3765 passivum
662 3678 787 3763 valeat,
812 3680 892 3767 quid
914 3680 958 3747 ad
979 3681 1066 3749 hano
1088 3681 1357 3769 discrepantiam

266 3786 528 3883 intellegendam
550 3795 607 3865 vel
630 3795 862 3884 explicandam
884 3796 981 3864 iuvat
1004 3797 1106 3864 schol.
1128 3797 1237 3864 Ψ445
1259 3797 1355 3884 ἀτέμ-

262 3914 396 3996 βονται·
419 3911 610 3997 στέρονται·
643 3914 679 3980 ot
706 3911 742 3979 el
773 3914 1031 3998 γλωσσογράφοι
1061 3913 1261 4000 μέμφονται,
1293 3918 1357 3984 aut

264 4026 364 4095 schol.
388 4029 455 4118 Ap.
478 4029 544 4096 Rh.
568 4028 691 4113 11,56:
727 4030 765 4096 τὸ
789 4030 853 4115 γὰρ
884 4029 931 4096 ἀτ.
965 4031 997 4095 οἱ
1030 4031 1187 4116 νεύτεροι
1210 4032 1276 4099 οὐκ
1300 4031 1355 4100 ἐπὶ

270 4177 476 4190 m—

353 4274 380 4341 l)
402 4269 437 4325 cf.
458 4271 517 4326 Leo
537 4269 640 4342 Meyer,
660 4269 707 4326 Gr.
726 4270 772 4326 Et.
791 4269 838 4340 IV,
856 4271 918 4325 412.
