2842 4942
704 363 748 431 14

186 540 301 609 sutem
330 559 417 629 quse
448 538 552 608 elteri
582 539 695 606 ordini
723 539 935 622 ormam,
965 540 1040 607 eum
1070 561 1270 608 enumerare

184 657 296 725 omnis
315 655 455 746 longum
475 659 579 745 sique
601 655 725 724 inutile
747 656 1000 744 sit-magnus
1021 657 1110 724 enim
1131 655 1274 724 illenim

182 796 342 843 numerus
363 812 416 858 —‚
440 773 506 843 duo
528 776 665 841 ionium
686 772 818 841 formae
840 774 1044 857 afferantur,
1067 772 1186 862 quibus
1200 774 1269 862 Ap.

182 912 281 960 voees
303 890 502 978 ceteroquin
522 890 671 958 usitatos
694 889 837 958 ditavit:
1270 894 1272 900 '

182 1006 325 1093 111,168
347 1010 454 1094 ἥρωες
470 1060 477 1075 .
495 1059 503 1075 .
518 1058 527 1074 .
544 1007 582 1074 ἐν
596 1017 734 1096 ποταμῷ
754 1008 833 1074 καθ’
856 1006 932 1086 ἕλος
953 1006 1169 1094 λελοχημένοι
1190 1008 1270 1093 ήγο-

269 1127 406 1211 ρόονιο,

183 1241 262 1330 (ΠΙ,
286 1242 351 1310 617
372 1245 497 1328 μίμνον
519 1292 527 1309 .
551 1292 559 1308 .
583 1240 829 1328 λελοχημένοι);
853 1240 943 1330 quod
964 1241 1155 1329 perfeetum
1177 1246 1270 1308 λελο·

181 1358 319 1446 χημένοι
342 1359 384 1427 ab
406 1357 590 1447 Apollonio
620 1361 784 1427 novatum
806 1362 862 1426 est
883 1358 928 1426 sd
958 1357 1147 1448 exemplum
1169 1358 1268 1426 Hom.

182 1478 390 1563 λοχήσασθαι
416 1497 472 1563 „se
505 1476 541 1542 in
572 1474 704 1543 insidiis
737 1475 924 1544 collocare‘
949 1475 984 1563 (θ
1005 1477 1101 1563 388);
1137 1475 1269 1542 nullum

183 1593 271 1663 enim
292 1596 431 1683 praeiet
444 1593 639 1687 Homericos
653 1593 808 1662 invenire
829 1593 928 1682 potii
947 1594 1059 1662 locum
1077 1592 1146 1661 nisi
1160 1592 1268 1660 Anth.

182 1710 257 1780 Pal.
279 1711 361 1795 VH,
384 1713 459 1796 717,
468 1711 500 1795 4,
523 1710 582 1778 ubi
602 1709 702 1778 huius
723 1711 817 1780 vocis
838 1710 985 1779 medium
1006 1710 1268 1800 (λοχησάμενος),

182 1828 313 1897 nullum
333 1828 402 1896 nisi
422 1828 678 1917 Apollonionos‚
708 1829 768 1896 ubi
797 1829 986 1917 perfeetum
1006 1831 1130 1897 exstet.
1173 1827 1269 1897 Idem

183 1944 249 2014 diei
270 1948 386 2035 potest
408 1945 450 2015 de
472 1945 558 2034 perf.
574 1945 766 2032 βεβιημένοι
787 1945 853 2029 ΙΙΙ,
871 1946 966 2030 1249,
989 1945 1052 2031 IV,
1071 1945 1155 2012 1392
1178 1943 1270 2033 quod

183 2062 338 2131 imitatus
361 2069 415 2131 est
438 2062 624 2152 Oppflal.
648 2063 677 2146 I,
702 2063 776 2131 224

70 2182 143 2269 54.
186 2237 189 2241 .
270 2180 396 2248 Altero
419 2178 539 2248 deinde
567 2179 753 2248 formarum
786 2181 939 2269 quaestio
973 2180 1016 2248 de
1048 2180 1146 2250 verbi
1167 2201 1267 2268 gene·

183 2297 277 2366 ribus
307 2300 369 2381 esi,
402 2296 543 2386 simplex
566 2297 595 2365 si
617 2296 659 2365 do
687 2297 832 2386 passivo,
864 2296 1014 2366 difficilis
1038 2297 1066 2364 si
1089 2297 1131 2365 ds
1153 2297 1266 2367 activo

182 2413 357 2503 medioque
380 2414 507 2502 agitur.
551 2414 704 2484 Novsvii
720 2413 808 2482 enim
828 2413 901 2503 ipso
916 2413 982 2502 Ap.
998 2414 1135 2504 passivo
1148 2435 1266 2503 pausa.

183 2530 280 2600 Hom.
297 2535 334 2596 H
353 2532 417 2599 302
438 2530 583 2620 legimus

269 2649 321 2736 ήά’
345 2645 411 2719 αὖτ’
436 2650 474 2716 ἐν
496 2651 649 2736 φιλότητι
665 2649 840 2735 διέτμαγεν
856 2649 1071 2736 ἀρθμήσαντε
1096 2647 1266 2737 „amicitia

183 2766 413 2846 discesserunt
446 2766 646 2835 eoniunoffl.
712 2765 829 2835 Talem
862 2766 951 2835 enim
987 2764 1267 2854 significationem

183 2882 291 2952 inesse
307 2883 382 2951 vooi
402 2882 615 2970 ἀρθμήσαντε
637 2882 854 2951 manifestum
877 2885 939 2967 esi,
963 2881 1097 2951 collatis
1120 2881 1267 2950 eiusdem

184 2999 303 3089 s’oirpis
325 2999 462 3069 vocibus
485 2998 616 3085 ἀρθμός
638 2998 682 3085 (h.
698 2998 800 3067 Mero.
817 2999 896 3084 5243
920 2997 1043 3066 Aesoh.
1059 2997 1169 3066 Prom
1186 2996 1265 3083 191;

182 3117 249 3206 Ap.
272 3117 338 3185 Rh.
361 3115 409 3201 H,
433 3115 511 3203 755)
544 3118 579 3183 et
612 3115 757 3202 ἄρθμιος
789 3115 834 3204 (ιι,
858 3115 942 3202 427;
977 3115 1061 3183 Hdi.
1085 3114 1167 3197 VII,
1192 3114 1264 3198 101,

182 3234 245 3318 IX,
261 3235 306 3322 9).
340 3233 406 3323 Ap.
430 3235 544 3302 eutem
566 3233 594 3317 Ι,
612 3233 698 3300 1344
720 3232 936 3301 Telamonem
957 3239 993 3301 et
1015 3232 1171 3301 Iasonem
1200 3230 1267 3299 iro·

183 3351 305 3420 cundia
334 3354 458 3439 pacato
487 3373 606 3418 rursus
638 3372 674 3418 se
704 3349 915 3418 coniunxisse
944 3349 1045 3417 dieii:
1077 3345 1098 3433 ἦ
1128 3349 1180 3436 ῥα,
1211 3346 1267 3414 καὶ

184 3468 424 3555 ἀρθμηθέντες,
449 3468 513 3555 ὅπη
536 3468 650 3554 πόρος,
675 3465 870 3554 ἑδριόωντο,
894 3465 1034 3534 adhibet
1054 3465 1163 3555 igitur
1186 3465 1267 3552 ἀρθ-

182 3586 344 3674 μηθέντες
360 3586 475 3654 eedem
488 3567 562 3654 fero
584 3584 723 3653 notione
745 3587 848 3673 atque
861 3584 1027 3652 Homerus
1043 3583 1268 3669 ἀρθμήσαντε,

182 3704 320 3794 passiva
342 3703 439 3771 verbi
460 3702 497 3771 vi
518 3701 683 3771 adductus
716 3705 778 3771 eut
807 3700 888 3790 quie
917 3699 1008 3769 haud
1039 3700 1106 3769 scio
1132 3721 1177 3768 an
1207 3699 1268 3767 illo

181 3821 257 3890 loeo
279 3820 457 3888 Homerico
480 3819 607 3908 legerit
629 3817 851 3907 ἀρθμηθέντε.

269 3937 331 4024 IV,
364 3938 426 4004 156
457 3938 478 4022 ή
510 3936 550 4003 δι’
577 3962 636 4022 μιν
658 3937 841 4024 ἀρκεύθοιο
863 3935 942 4003 νόον
969 3938 1121 4021 τετμηότι
1152 3934 1269 4022 θάλλμ

182 4092 226 4108 -
248 4092 291 4106 -—
314 4056 408 4142 ῥαῖνε
431 4055 499 4121 κατ’
523 4055 721 4141 ὀφθαλμῶν,
743 4053 802 4122 ubi
823 4054 974 4139 τετμηότι
999 4051 1102 4120 aliter
1116 4073 1156 4120 ae
1180 4073 1269 4137 „see-

186 4173 243 4242 ἀεί(
269 4171 494 4262 interpretari
515 4194 610 4241 nemo
633 4173 749 4261 potest
769 4192 878 4260 neque
899 4170 1059 4255 indicare,
1083 4190 1148 4259 quo
1170 4168 1269 4238 modo

191 4291 259 4382 Ap.
282 4289 369 4361 hene
390 4287 468 4358 huie
488 4288 619 4359 formos
649 4289 821 4359 notionem
851 4288 1002 4359 tribuero
1031 4286 1196 4379 potuerit,
1227 4285 1270 4356 de
