2842 4942
712 315 734 380 7

175 490 270 559 illam
292 488 515 559 elocutionem
537 510 616 557 suae
644 487 748 577 ipsius
781 487 919 576 linguae
948 485 1156 555 auctoritate
1178 509 1264 556 ccm-

175 611 286 677 mctus
318 607 542 676 transformet
573 610 609 675 et
640 605 817 693 analogiae
848 626 949 694 quam
982 603 1121 672 dicimus
1143 605 1179 673 vi
1207 604 1264 674 ad·

176 725 295 794 ductus
328 724 400 793 sive
428 724 546 792 formis
569 723 640 793 sive
662 723 774 790 verbis
797 722 933 790 novatis
956 720 1152 810 locupletet,
1184 722 1264 811 quia

175 865 307 932 semper
339 846 375 909 et
407 863 517 908 novae
548 862 603 908 res
635 860 742 909 novas
774 839 952 928 postulant
973 860 1072 908 voces
1104 841 1140 906 et
1167 862 1262 908 mens

174 961 318 1027 humana
340 981 445 1028 novas
476 958 611 1047 profert
639 957 803 1025 notiones.
848 957 971 1046 Itaque
995 957 1024 1024 si
1046 979 1261 1049 unumquem-

175 1100 239 1167 que
260 1079 397 1165 poetam
420 1077 675 1165 perscrutantes
697 1074 760 1143 hcc
782 1073 1057 1164 quaesiverimus,
1082 1073 1202 1163 quibus
1225 1074 1261 1143 in

174 1196 283 1279 rebus,
316 1193 525 1281 deindeque
548 1192 590 1262 de
614 1213 716 1261 causa
739 1192 877 1261 recedat
906 1194 948 1260 ab
973 1191 1131 1276 Homero,
1155 1214 1259 1281 quan-

173 1314 292 1400 topere
321 1310 493 1399 pendeant
523 1310 609 1399 epici
638 1331 769 1398 quoque
792 1309 916 1378 Graeci
939 1332 981 1378 ex
1013 1331 1148 1382 sucrum
1174 1312 1260 1379 tem·
1298 1333 1318 1394 J

172 1452 291 1519 porum
314 1427 562 1496 condicionibus
586 1427 785 1514 videbimus,
820 1427 973 1516 quamvis
1000 1449 1123 1515 magna
1153 1427 1260 1496 fuerit

172 1547 224 1614 vis
247 1545 419 1613 Homerici
440 1545 614 1630 sermonis,
641 1545 714 1630 ,die
738 1543 853 1614 Macht
876 1544 937 1613 der
958 1544 1260 1614 konventionellen

173 1662 329 1752 epischen
351 1661 511 1750 Sprache,
546 1662 600 1730 die
622 1661 709 1732 aller
731 1662 809 1730 Zeit
831 1685 874 1728 zu
897 1664 1036 1751 spctteu
1057 1661 1208 1731 schaint“
1224 1662 1258 1751 ¹).

258 1779 341 1850 Cum
364 1782 479 1848 autem
504 1778 629 1848 eisdem
653 1779 727 1849 fere
748 1779 880 1848 viribus
903 1779 989 1846 hanc
1012 1779 1124 1868 epicae
1148 1779 1259 1848 elocu-

170 1897 275 1967 tionis
299 1896 595 1966 commutationem
620 1899 774 1966 effectam
798 1919 872 1965 esse
894 1918 1142 1985 cognoscamus,
1175 1919 1258 1986 quas

170 2013 323 2081 valentes
354 2012 506 2082 videmus
543 2013 647 2081 etiam
675 2011 711 2078 in
743 2011 921 2080 universae
953 2011 1163 2085 Graecorum
1192 2013 1256 2082 lin·

171 2152 258 2218 guae
274 2129 476 2214 evolutione,
499 2132 541 2197 ut
554 2131 693 2197 nostrae
708 2129 833 2197 aetatis
849 2129 1048 2199 vccabulum
1070 2129 1255 2216 adhibeam,

170 2247 322 2317 vicissim
352 2270 393 2315 ex
424 2247 487 2316 hac
507 2246 543 2314 in
564 2248 664 2314 unius
695 2250 818 2335 poetae
849 2269 1037 2316 sermonem
1058 2248 1256 2336 quaestione

169 2363 260 2431 haud
294 2362 362 2431 scio
387 2384 431 2430 an
452 2362 541 2431 lucri
563 2361 693 2450 aliquid
714 2363 759 2430 ad
781 2362 974 2432 universam
1005 2362 1156 2453 linguam
1178 2387 1255 2453 cog-

167 2481 378 2552 noscendam·
391 2482 602 2568 apportetur.

257 2596 345 2666 Sane
382 2597 445 2666 hcc
480 2620 522 2665 ne
561 2597 799 2678 obliviscamur
844 2598 1046 2667 cavendum:
1093 2599 1256 2686 quantum

166 2715 344 2806 Apollonii
366 2715 511 2784 elocutio
546 2717 588 2784 ab
609 2716 790 2785 Homerica
824 2717 965 2785 differat
975 2716 1009 2804 ²),
1044 2739 1118 2785 cum
1150 2716 1253 2787 facile
1303 2722 1307 2731 '

170 2833 327 2922 cognosci
348 2835 474 2921 potest,
509 2836 583 2901 tum
604 2832 743 2902 levioris
767 2834 853 2902 scire
874 2835 971 2902 nobis
993 2835 1154 2903 momenti
1186 2837 1249 2920 est,

170 2951 238 3019 nisi
253 2972 370 3018 causas
386 2949 563 3018 recedendi
580 2951 772 3039 perspicere
789 2951 993 3019 conabimur.
1030 2950 1123 3018 Illud
1137 2954 1251 3021 autem
1273 2939 1275 2941 ¹

167 3071 210 3135 ut·
229 3067 504 3135 demonstrarent
527 3089 662 3157 operam
683 3067 851 3136 dederunt
874 3067 943 3136 viri
965 3068 1057 3137 docti
1078 3068 1249 3154 nonnulli,

166 3188 206 3253 ut
220 3184 292 3266 hoc,
309 3183 398 3272 quod
414 3184 567 3273 equidem
581 3184 724 3269 videam,
747 3184 856 3254 adhuc
870 3207 976 3252 nemo.

254 3300 487 3388 Quaecumque
509 3301 617 3388 igitur
640 3301 684 3369 ad
706 3324 803 3369 usum
825 3302 1013 3386 verborum,
1048 3301 1079 3370 h.
1096 3325 1124 3371 e.
1148 3303 1251 3389 ῥημά-

164 3442 233 3485 των
254 3417 431 3507 Apollonii
452 3419 638 3507 pertinent,
661 3422 815 3488 tractare
837 3419 1021 3508 aggrediar
1030 3419 1064 3507 3).

165 3569 373 3583 ——u-——ac——n

257 3640 284 3710 1)
303 3658 327 3696 v.
347 3641 538 3711 Wilamouitz,
557 3641 660 3697 Kultur
678 3641 727 3698 der
746 3641 872 3713 Gegenw.
891 3643 965 3711 VIII,
986 3646 1009 3713 1,
1028 3660 1054 3713 p.
1075 3645 1136 3699 217.

255 3742 283 3812 2)
304 3742 336 3798 G.
355 3741 505 3812 Hermann,
524 3742 624 3813 Opurc.
638 3743 673 3812 II,
692 3745 742 3798 36:
762 3749 886 3813 ,tantum
905 3744 993 3813 abest,
1013 3748 1045 3798 ut
1063 3746 1115 3813 Ap.
1130 3742 1182 3798 Rh.
1195 3744 1252 3806 Hc·

163 3858 267 3899 merum
284 3843 380 3912 utique
399 3849 528 3913 sectetur,
548 3849 580 3899 ut
597 3845 656 3900 eius
675 3843 765 3900 oratio
784 3845 819 3899 ab
838 3845 984 3900 Homerica
1002 3845 1100 3900 micum
1119 3848 1251 3914 quantum

163 3943 317 4014 discrepet;
345 3943 379 4000 de
397 3960 453 4014 qua
471 3960 502 4000 re
521 3945 568 4013 qui
586 3945 676 4015 plura,
696 3961 778 4014 quam
797 3962 867 4013 quae
886 3946 976 4001 obiter
995 3945 1128 4016 inspectis
1148 3946 1249 4002 utrius·

164 4060 217 4114 quo
235 4050 336 4115 poetae
354 4045 520 4102 oarmiuibus
539 4047 702 4116 ocurrerInt,
722 4045 822 4103 afferre
834 4046 908 4117 velit,
928 4047 996 4103 satis
1015 4063 1142 4117 magnum
1160 4046 1249 4118 posuit

162 4146 263 4202 librum
280 4146 479 4202 conscribere“.

251 4249 281 4319 2)
299 4247 344 4303 Ex
354 4247 495 4318 librorum,
514 4249 612 4319 quibus
624 4249 733 4306 omnino
745 4249 774 4305 in
786 4251 838 4307 hoc
850 4247 982 4320 opusculo
994 4247 1162 4306 conficiendo
1177 4263 1244 4306 usus
