2842 4942
764 318 806 384 56

243 497 361 561 πινόεν
375 490 450 579 περὶ
466 492 570 580 δέρμα
585 492 740 580 γέροντος
754 495 862 582 πάντη
882 495 1112 580 φοιβήσαντες.
1131 498 1134 503 ’
1159 491 1320 561 Similiter

243 610 423 699 Lycophro
440 612 585 697 φοιβόζω
602 611 675 694 731,
692 611 766 695 875,
785 610 869 679 1166
892 611 1030 680 notione
1044 608 1216 700 purgandi
1233 633 1325 679 usur-

243 727 351 815 pavit.
391 728 488 811 Quod
504 730 646 796 verbum
659 740 773 813 ποινῆς
795 728 900 796 fuisse
922 729 1144 817 comprobant
1167 728 1326 816 exempla,

245 865 330 932 quae
362 844 452 932 apud
473 842 572 910 LXX
605 845 836 929 inveniuntur,
872 868 900 913 e.
924 867 974 932 gr.
998 846 1139 913 Denter.
1163 844 1259 929 14,1
1293 845 1328 912 οό

246 963 443 1046 φοιβήσετε;
477 960 788 1047 (Deuter.18,16).
833 960 886 1028 Ne
915 960 985 1028 ulia
1013 959 1149 1049 quidem
1180 958 1330 1049 exempla

246 1074 370 1143 desunt
406 1075 500 1144 illius
532 1077 597 1161 rei,
635 1078 725 1165 quod
758 1076 961 1144 Theocritus
996 1079 1179 1162 συνηθείας
1212 1076 1328 1145 formis

245 1215 326 1262 uuus
350 1197 412 1278 est,
447 1215 476 1260 e.
499 1216 552 1281 gr.
575 1200 693 1261 Διοσκ.
716 1193 778 1260 152
813 1193 958 1261 ἐνώπιον
990 1194 1048 1263 vel
1081 1200 1205 1279 λαλεῖν,
1245 1192 1330 1283 quod

245 1309 385 1377 notione
407 1308 567 1398 loquendi
586 1308 749 1391 Ἀθωνιόζ.
772 1311 815 1379 92
839 1310 988 1400 positum
1012 1316 1065 1379 est
1078 1309 1112 1396 ¹).

13 1431 15 1434 ’
133 1441 152 1526 ἓ
173 1437 226 1505 22,
334 1427 470 1508 Restat,
493 1431 534 1494 ut
555 1426 678 1495 ultima
699 1427 798 1496 huius
814 1429 936 1518 capitis
952 1432 1053 1516 parte
1076 1449 1117 1495 ea
1138 1429 1330 1496 tractentur

246 1545 362 1628 verba,
388 1565 473 1633 quae
495 1544 586 1632 apud
599 1544 819 1633 Apollonium
840 1545 985 1633 primum
1007 1544 1064 1614 vel
1087 1544 1197 1612 solum
1220 1566 1329 1614 occur·

246 1664 338 1744 rant,
362 1660 435 1729 sive
450 1661 637 1729 mutaverit
653 1662 725 1730 sive
740 1662 931 1730 novaverit.
971 1661 1025 1728 Ac
1038 1661 1186 1750 primurn
1201 1661 1329 1751 quidem

246 1777 312 1866 Ap.
329 1798 461 1867 quoque
476 1777 638 1846 nonnulla
653 1781 758 1847 verba
779 1779 816 1846 in
839 1779 915 1845 -ιόω
938 1777 1131 1848 desinentia
1152 1779 1328 1847 secundum

248 1893 353 1983 opica,
376 1895 558 1984 praecipue
580 1895 686 1963 Arati
708 1895 861 1984 exempla
882 1895 992 1962 finxit.

334 2011 517 2079 ἐπανθιόω.
563 2013 610 2096 Π,
634 2013 698 2079 517
725 2012 975 2090 ἐπανθιόωντας
998 2013 1135 2090 ἰούλους
1157 2011 1328 2081 ἀντέλλων.

247 2127 401 2195 ἐπανθέω
425 2129 541 2196 eadem
562 2129 599 2198 vi
620 2130 662 2196 ab
685 2128 762 2196 aliis
788 2131 904 2198 crebro
926 2131 1128 2217 usurpatum
1152 2133 1217 2214 est,
1242 2152 1272 2197 e.
1287 2152 1331 2219 gr.

246 2243 309 2312 Ar.
323 2244 413 2312 Eccl.
429 2246 468 2312 13
484 2248 545 2330 τήν
560 2245 779 2312 ἐπανθοῦσαν
794 2250 904 2333 τρίχα;
921 2246 1052 2312 ἀνθιόω
1067 2268 1136 2314 non
1150 2245 1333 2315 invenitur.

334 2360 462 2429 Eadem
484 2368 597 2429 autem
620 2363 754 2430 ratione
776 2385 837 2450 pro
853 2361 1033 2430 Homerico
1053 2364 1156 2431 verbo
1180 2361 1336 2450 κατηφέω

247 2479 283 2567 (π
306 2478 379 2562 342,
410 2484 445 2544 X
463 2479 527 2544 293
561 2483 769 2564 κατηφήσας,
814 2479 899 2547 Call.
923 2501 974 2567 ep.
998 2479 1042 2546 20
1071 2482 1269 2566 κατήφησεν
1300 2477 1340 2547 δὲ

246 2599 402 2682 Κυρήνη;
426 2595 541 2663 Arist.
556 2595 589 2662 h.
607 2616 636 2662 a.
660 2596 691 2680 8,
710 2598 763 2681 24)
785 2595 852 2684 Ap.
875 2618 956 2664 usus
979 2599 1034 2664 est
1055 2618 1137 2665 voce
1160 2600 1350 2686 κατηφιόω

246 2712 314 2796 ΠΙ,
338 2713 401 2778 123
433 2709 513 2797 ἧστο
544 2723 621 2797 σῖγα
653 2717 857 2799 κατηφιόων,
879 2712 908 2796 Ι,
929 2714 992 2781 461
1021 2715 1248 2799 κατηφιόωντι
1273 2715 1362 2784 toa*

246 2831 321 2927 νὼς.
375 2827 571 2918 Sequuntur
602 2828 664 2896 hoo
695 2832 834 2897 verbum
864 2828 1064 2898 adhibentes
1094 2829 1244 2912 Quintus
1271 2831 1375 2900 Sm-

245 2947 345 3028 111‚9
360 2949 632 3031 κατηφιόωντήα),
647 2945 757 3013 Nonn.
773 2945 815 3012 D.
831 2945 1004 3029 XXXIII,
1018 2947 1060 3013 25
1069 2970 1077 3032 ;
1093 2945 1136 3014 A.
1149 2946 1188 3014 P.
1202 2948 1306 3035 XIV,
1319 2942 1385 3015 3

247 3063 387 3152 (adesp.)
427 3067 660 3150 αατηφιόωντα
697 3065 881 3150 προσηύδα.
947 3062 1015 3130 Sed
1055 3086 1130 3131 cum
1167 3067 1205 3132 et
1236 3065 1391 3134 Philo

246 3179 386 3269 poete
402 3183 438 3248 et
449 3180 653 3248 Plutarchus
668 3179 754 3248 hanc
770 3203 886 3248 vocem
896 3181 1082 3270 posuerint,
1099 3192 1218 3267 κοινῆς
1228 3181 1396 3252 fuiss&

248 3296 395 3378 dicimus,
428 3295 561 3385 pariter
589 3318 629 3364 ac
657 3298 799 3365 verbum
827 3299 965 3382 propatuto.
1013 3297 1224 3386 Quamquam
1247 3301 1397 3367 enin,

246 3411 422 3497 Homerus,
446 3413 652 3498 Herodotus,
677 3413 804 3500 tragici
826 3416 948 3502 poetae
967 3437 999 3481 v.
1016 3417 1123 3500 μηνόω
1144 3414 1206 3490 usi,
1223 3420 1338 3485 erant
1348 3452 1395 3494 9

246 3528 313 3617 Ap.
336 3529 388 3608 Π,
408 3529 472 3596 247
509 3542 553 3618 τῷ
585 3554 637 3596 τοι
672 3529 755 3614 μέγα
785 3534 970 3615 μηνιόωσιν
1007 3530 1110 3614 dixit,
1148 3552 1237 3619 quae
1271 3540 1394 3603 νος

247 3644 337 3734 apud
358 3646 564 3735 posteriores
589 3646 699 3733 (Dion.
715 3646 811 3731 Hal.;
834 3647 928 3730 Ael.;
953 3646 1100 3735 ioseph.)
1131 3649 1254 3716 crebro
1280 3652 1382 3718 obae

248 3761 338 3830 viam
359 3762 464 3830 venit.

338 4032 366 4102 1)
385 4047 439 4100 qua
464 4028 499 4085 de
523 4047 554 4085 re
580 4029 636 4099 egit
654 4031 899 4100 Wackernagelius
917 4033 950 4086 K.
970 4032 999 4086 Ζ.
1022 4032 1122 4102 XXXI,
1141 4034 1225 4102 50⁸1,
1253 4034 1302 4103 qui
1318 4045 1353 4085 e

248 4130 394 4187 Theocrito
422 4131 518 4186 attulit
544 4133 707 4200 θερλστριου
737 4136 765 4186 et
793 4147 827 4185 ex
845 4132 991 4201 Apollonio
1019 4136 1105 4202 τήρος
1131 4148 1184 4202 pro
1211 4131 1342 4204 τήμερον

247 4232 293 4302 IV,
312 4234 365 4288 252
383 4232 512 4307 positum,
530 4237 676 4304 utrumque
693 4232 776 4303 plane
795 4231 915 4304 vulgare.
