2842 4942
683 363 726 429 59

163 539 271 630 pavit,
300 538 367 607 uisi
389 539 455 622 111,
475 538 538 605 932
568 540 720 625 ἠνίπαπε,
746 539 787 606 ηδ
808 535 906 604 Hom.
929 558 1029 626 saepe
1039 530 1180 623 ,ένίύω
1212 539 1249 606 et

165 655 324 743 ἐνίφομεν
335 678 465 746 semper
475 655 652 725 Homerico
666 653 763 723 modo
778 654 950 723 notionem
961 653 1094 722 dicendi
1107 653 1246 723 habent.

252 772 470 861 έπιχρεμέθω.
521 773 589 856 ΠΙ,
616 772 701 840 1252
733 773 858 858 (ἵππος)
889 777 1048 861 σκαρθμῷ
1080 770 1247 857 ἐπιχρεμέ-

165 899 240 958 θων
262 892 378 977 κρούει
401 890 515 976 πέδον,
546 888 635 979 quud
662 889 817 958 imiuutus
844 893 897 957 est
920 889 983 972 Qu.
1007 887 1075 958 Sm.
1097 888 1159 971 XI,
1183 888 1248 955 328

165 1009 262 1075 ἵπποι
301 1012 411 1095 φορβή
452 1004 742 1094 ἐπιχρεμέθοντες)
787 1005 941 1094 χρεμέθω
978 1003 1070 1095 apud
1109 1003 1250 1081 eundem

164 1122 382 1214 Apollonium
411 1124 555 1212 primum
582 1126 713 1206 exstet,
746 1123 826 1191 fue
848 1122 947 1191 Mieh.
979 1123 1050 1189 οόδ’
1073 1123 1171 1190 ἵπποι
1194 1123 1250 1207 ὀρ-

165 1240 282 1327 θριναὶ
312 1243 395 1308 κατὰ
416 1244 545 1320 κλισίας
565 1240 792 1327 χρεμέθεσιιον
814 1241 871 1327 (ef.
894 1241 979 1330 Opp.
1002 1238 1090 1328 Cyn.
1114 1239 1142 1324 Ι,
1165 1238 1248 1325 234;

164 1358 260 1428 A.P.
283 1358 345 1443 IX,
369 1358 456 1445 295).
517 1356 519 1360 '

244 1471 350 1560 'Quod
380 1480 520 1546 verbum
550 1475 630 1565 quin
653 1476 719 1564 Ap.
742 1473 930 1564 exemplum
952 1473 1168 1543 Homericum
1199 1497 1249 1543 ees

164 1596 264 1663 cutus
295 1593 535 1682 (ἠγερέθονται,
559 1593 751 1680 ἠερέθοντο,
773 1591 922 1675 θαλέθω,
946 1591 1115 1677 φλεγέθω)
1146 1612 1248 1660 nova·

164 1711 271 1797 verit,
304 1734 378 1780 eum
404 1734 472 1780 non
506 1711 642 1778 dubium
664 1709 831 1791 videatur,
854 1712 969 1777 temen
1001 1707 1158 1798 cognosci
1180 1730 1249 1776 nou

164 1823 290 1918 potest,
320 1827 409 1896 unde
431 1849 632 1918 progressus
663 1827 720 1895 sit.
772 1825 861 1895 Nem
893 1847 978 1914 quae
1007 1847 1068 1895 nos
1093 1824 1248 1894 novimus

164 1948 270 2016 verbu
298 1949 473 2036 χρεμετίξω
505 1946 560 2031 (ab
583 1944 722 2012 Homeri
749 1946 865 2013 aetate
887 1943 1077 2030 usitatum),
1109 1945 1249 2031 χρεμίζο

164 2063 257 2150 (Hes.
282 2087 326 2132 εο.
351 2063 415 2130 348
443 2058 627 2149 χρέμισαν),
658 2059 824 2146 χρεμετιίω
856 2059 899 2148 (si
920 2062 1051 2127 rectum
1074 2063 1136 2144 est,
1160 2057 1250 2147 quod

163 2181 293 2270 legitur
316 2179 402 2249 Call.
431 2180 474 2247 fr.
496 2178 583 2267 352),
616 2177 692 2266 ipsu
715 2176 873 2247 derivate
904 2179 985 2245 sunt
1016 2175 1057 2245 de
1089 2175 1247 2264 *χρεμὲω

165 2297 220 2386 (ef.
252 2296 401 2366 Crameri
437 2295 565 2365 Aneed.
597 2295 703 2364 Oxou.
728 2294 756 2378 Ι,
780 2294 876 2380 87,6
913 2293 1042 2380 έμέθω·
1080 2295 1117 2360 τὸ
1149 2292 1248 2380 epm:

164 2413 338 2502 *χρέμετος
354 2439 362 2480 :
379 2417 552 2502 χρεμετίζω
561 2434 569 2498 ;
593 2412 738 2500 *χρεμέω
754 2436 761 2478 :
778 2415 933 2500 χρεμίζο,
955 2411 1053 2482 velut
1074 2412 1248 2498 πολεμέωι

165 2533 328 2616 πολεμίζω
343 2530 506 2598 formavit
521 2529 618 2598 Seuti
639 2531 769 2614 auctor,
792 2532 963 2619 tamquam
984 2527 1130 2616 *χρεμέω
1150 2527 1249 2597 deno·

164 2647 365 2716 minativum
402 2646 492 2736 quod
524 2645 732 2736 appellamus
771 2650 877 2734 esset3
915 2646 1006 2736 quod
1038 2669 1111 2715 esse
1144 2649 1251 2734 neget

167 2768 353 2852 χρεμετίζω.

250 2881 354 2970 Apud
375 2881 594 2972 Apollonium
620 2880 728 2950 solum
750 2880 812 2965 IV,
829 2880 903 2964 675,
919 2880 985 2948 974
1006 2880 1229 2968 (ὀπηδεύοντα
1240 2904 1248 2968 ;

165 2999 389 3088 ὀπηδεύουσα)
418 2999 594 3067 'invenitur
624 3002 765 3067 verbum
799 3000 953 3085 ὀπηδεύω
983 3020 1046 3088 pro
1069 2998 1248 3068 Homerico

165 3116 308 3207 aliisque
330 3118 459 3187 usitato
475 3117 625 3202 ὀπηδέω;
649 3118 752 3204 atque
767 3116 901 3206 parieer
916 3115 965 3202 H,
984 3116 1068 3184 1008
1090 3115 1250 3203 (πύματον

163 3236 273 3320 βαρὺν
303 3234 511 3320 ὀτλεύουσιν)
545 3257 577 3302 v.
609 3234 733 3301 ὀτλεύω
767 3233 906 3322 legitur,
947 3232 1036 3322 quod
1068 3232 1155 3301 idem
1187 3234 1251 3303 hoe

163 3353 298 3420 tuntum
329 3350 403 3419 loeo
433 3353 550 3418 exstat
579 3350 657 3438 (nisi
688 3349 777 3439 apud
807 3350 969 3419 Bubrium
992 3351 1045 3436 37,
1069 3351 1089 3418 3
1118 3354 1251 3439 μόχθον

165 3459 238 3534 οίον
270 3467 443 3554 ὀτλεύεις),
474 3467 623 3556 positum
656 3489 718 3557 pro
748 3466 850 3534 ὀτλέω
860 3467 899 3552 1);
939 3467 987 3535 sie
1018 3471 1132 3536 autem
1160 3469 1250 3558 apud

163 3582 346 3653 Homerum
377 3587 549 3673 ponuntur
577 3587 615 3651 et
645 3587 775 3671 ἀχεύων
797 3587 834 3652 et
855 3583 972 3672 ὀχέων,
1003 3587 1040 3652 et
1062 3587 1189 3653 δοαεύω
1213 3587 1249 3654 et

165 3699 394 3786 δεδοκημένος.
464 3699 530 3770 Sed
562 3698 798 3790 Apollonium,
836 3722 910 3769 eum
946 3701 1071 3769 uoristi
1107 3700 1250 3771 formam

164 3818 341 3903 ὀτλήσειαν
356 3817 434 3905 (fut.
451 3818 641 3904 ὀτλησέμεν,
661 3817 801 3905 ὀτλήσω)
817 3820 854 3887 εί
868 3818 1060 3907 praesentis
1076 3820 1249 3886 ὀτλεύουσι

163 3938 358 4022 usurparet,
389 3934 542 4024 exemplu
564 3935 746 4004 Homerica
770 3935 868 4005 velut
891 3940 1092 4023 λωβήσασθε
1121 3938 1157 4003 et
1187 3942 1249 4003 λω-

163 4053 262 4138 βεύω,
285 4056 499 4139 μωμήσονται
523 4058 559 4121 et
581 4055 718 4139 μωμεύῃ
747 4053 918 4121 imitatum
949 4075 1024 4121 esse
1046 4051 1136 4122 vidit
1157 4051 1248 4123 Guil.

167 4166 319 4236 Sehulze.

255 4293 281 4362 1)
300 4289 374 4360 qued
393 4307 478 4362 supra
496 4310 522 4362 p.
542 4295 577 4348 54
595 4293 782 4350 mauturimue.
