2842 4942
72 739 144 824 ςο.

708 337 750 404 12

185 509 263 579 dnm
284 511 381 579 modo
396 533 459 599 pro
474 511 589 596 κεινὴν
603 513 719 597 κείνην
733 509 895 598 legimus:
921 510 1064 599 „illum“,
1088 511 1269 602 fumosum

185 627 293 696 schol:
316 629 478 715 γράφεται
501 626 555 695 καὶ
577 632 692 714 κείνην
702 626 736 713 ¹).

271 746 323 815 At
359 750 480 815 conire
517 769 614 815 usum
650 747 866 814 Homericum
897 746 1016 815 formis
1048 748 1197 836 optativi
1233 749 1270 816 in

185 886 256 930 -ντο
291 863 520 932 desinentibus
553 886 633 931 usus
666 872 720 933 est
752 863 835 952 Ap.:
869 869 1101 932 ναυτίλλοιντο
1144 865 1171 948 Ι,
1188 865 1268 950 918,

184 980 310 1048 ἵκοιντο
344 980 372 1064 Ι,
395 982 478 1066 823,
502 984 687 1066 θηήσαιντο
710 981 739 1065 Ι,
762 981 843 1067 986,
879 982 1014 1065 ἄγοιντο
1036 980 1102 1065 ΠΙ,
1127 981 1182 1067 13,
1205 980 1268 1066 IV,

187 1096 259 1180 102,
276 1096 358 1183 400,
384 1097 562 1183 φράζοιντο
578 1096 646 1182 ΙΠ,
668 1099 741 1182 826,
766 1120 839 1166 cum
854 1100 1018 1186 quattuor
1032 1097 1130 1166 modo
1145 1098 1271 1166 hebeat

183 1213 219 1280 in
242 1237 313 1280 -ατο
349 1213 518 1297 cudentes,
552 1213 749 1282 Homericus
782 1213 906 1302 βιῴατο
928 1215 972 1302 (Λ
986 1214 1064 1302 467)
1086 1214 1150 1299 IV,
1167 1215 1269 1299 1236,

183 1332 366 1416 μνησαίατο
398 1329 439 1417 (Β
461 1330 538 1419 492)
568 1330 631 1415 IV,
655 1332 729 1415 840,
763 1331 878 1400 eodem
909 1354 1029 1400 versus
1061 1332 1134 1401 loco
1166 1334 1270 1420 utque

183 1445 365 1534 Homerus;
391 1448 569 1533 ἀραροίατο
593 1448 622 1532 Ι,
638 1448 718 1535 369,
744 1449 915 1533 ἀνεχοίατο
938 1448 966 1532 Ι,
984 1448 1078 1534 1006,
1103 1471 1188 1538 quae
1203 1469 1271 1516 non

182 1562 250 1631 nisi
270 1563 323 1632 his
345 1563 428 1631 locis
451 1564 682 1633 inveniuntur.

271 1680 495 1769 Participium
517 1681 661 1771 denique
684 1682 898 1749 Homericum
920 1681 1114 1767 λελιημένος
1136 1682 1181 1769 (Λ
1195 1682 1269 1767 465,

183 1803 216 1864 Ε
229 1796 303 1882 690,
326 1805 370 1864 Μ
381 1797 457 1886 106)
479 1798 546 1887 Ap.
570 1799 893 1889 plusquamperfecti
917 1800 1025 1866 forms
1049 1803 1179 1884 λελίητο
1201 1799 1269 1884 ΠΙ,

184 1915 266 2002 646,
291 1915 392 1999 1158,
416 1915 477 2000 IV,
496 1917 580 1983 1007
605 1916 709 2002 auxii,
739 1937 838 2005 quem
861 1937 964 1984 exeo
986 1915 1141 1984 imitator
1165 1916 1269 2004 Orph.

183 2031 492 2120 Argonauticorum
507 2035 628 2100 auctor
642 2032 778 2121 petivit,
802 2033 892 2101 hund
907 2032 1011 2101 aliter
1027 2033 1129 2121 eique
1150 2035 1270 2101 auctor

183 2148 276 2218 illius
300 2149 466 2236 carminis,
488 2149 577 2237 quod
593 2149 734 2218 Theocr.
758 2149 802 2217 id.
815 2150 917 2218 XXV
932 2149 1172 2237 nominatur²)‚
1196 2150 1270 2217 196.

273 2266 367 2350 Quae
396 2265 614 2355 amplificatio
644 2290 719 2334 cum
748 2267 795 2334 sit
828 2265 1019 2355 singularis,
1056 2269 1171 2334 tumen
1203 2289 1272 2333 non

182 2383 309 2453 vitiose
336 2386 398 2467 est,
431 2383 468 2451 id
491 2383 580 2472 quod
603 2383 821 2452 statuendum
843 2388 898 2452 est
921 2383 962 2451 de
986 2383 1134 2471 optativi
1156 2383 1268 2452 forme

183 2499 293 2579 ἀκέοις
315 2499 342 2584 Ι,
367 2500 451 2567 765:

273 2657 300 2725 1)
318 2653 371 2710 Hic
391 2653 474 2709 liceat
492 2652 599 2724 eddam,
623 2653 757 2724 quomodo
771 2654 842 2711 alios
856 2670 950 2710 versus
963 2653 1017 2711 duo
1030 2654 1169 2711 emendari
1187 2669 1269 2725 posse

184 2746 300 2812 ciedam.

182 2856 230 2926 IV,
249 2859 302 2914 996
311 2873 346 2914 ss.

607 2955 636 3013 οἳ
655 2957 683 3012 d’
707 2958 846 3030 ἀγανῇσιν

339 3058 473 3121 ’Λλκίνοος
491 3060 559 3114 λαοί
575 3077 605 3114 τε
623 3060 858 3130 θυηπολίησι
877 3056 1026 3121 κιόντας

340 3155 478 3231 δειδέχατ’
500 3159 644 3222 ἀσπασίως

182 3278 234 3332 pro
258 3262 449 3332 θυηπολίῃσιν
475 3258 572 3324 ίόντας
598 3259 769 3318 scribendum
797 3277 858 3317 csse
885 3261 1036 3317 existimem
1062 3262 1163 3318 collato
1189 3278 1270 3318 versu

182 3363 204 3430 1,
225 3365 303 3430 1179,
322 3361 370 3417 ubi
387 3362 453 3418 item
472 3361 507 3419 de
526 3361 729 3418 advenientium
749 3362 916 3418 salutatione
935 3361 1043 3417 dicitur.

276 3463 322 3534 lv,
344 3467 413 3520 1437
432 3465 456 3520 si
473 3465 587 3534 legimus
603 3462 666 3519 ὄσσε
680 3461 711 3518 di
724 3460 754 3518 ei
764 3465 888 3536 βλοσυρῷ
900 3459 1046 3533 ὑπέλαμπε
1062 3463 1178 3537 μετώπῳ
1195 3467 1200 3533 Ι
1216 3483 1273 3534 νη-

183 3560 261 3627 λεές
280 3563 348 3620 dues
368 3567 539 3634 assequimur
557 3582 617 3622 res:
637 3567 754 3636 primum
773 3562 837 3619 ὄσσε
850 3560 996 3634 ὑπέλαμπε
1010 3566 1135 3638 βλοσυρῷ
1153 3565 1271 3640 μετώπῳ

183 3665 338 3723 sententiae
356 3667 402 3722 vix
419 3666 582 3723 satisfecere
600 3666 723 3735 videtur;
754 3665 910 3734 quaerimus
938 3665 1017 3735 enim,
1047 3682 1100 3734 quo
1119 3665 1199 3722 modo
1217 3666 1271 3722 ful-

183 3771 266 3837 geant
294 3768 373 3823 oculi.
418 3767 525 3823 Deinde
553 3765 651 3837 νηλής,
682 3767 790 3822 etiamsi
817 3781 868 3835 pro
897 3766 1088 3822 interiectione
1115 3766 1271 3836 accipimus,

182 3873 274 3923 tamen
292 3868 377 3923 hebet
402 3868 508 3939 aliquid
532 3868 698 3937 offensionis,
725 3868 790 3936 quia
813 3871 872 3922 tam
898 3866 1054 3922 absolutum
1072 3882 1090 3922 u
1109 3872 1201 3923 cetere
1219 3868 1272 3922 viri

183 3969 368 4038 descriptione
394 3970 513 4039 positum
532 3974 581 4026 est.
620 3970 696 4038 Quae
714 3965 811 4039 νηλεές
830 3968 980 4024 scribentes
1006 3968 1099 4024 levare
1118 3983 1274 4039 possumus.

184 4068 231 4141 (cf.
244 4070 290 4141 IV,
310 4073 362 4126 389
382 4069 477 4127 eodem
490 4087 584 4127 versus
597 4071 657 4126 loco
670 4069 747 4140 μάλα
759 4068 813 4140 ηάρ
825 4066 915 4140 μέγαν
929 4066 1020 4136 ἤλιτες
1032 4066 1119 4138 ὅρκον
1134 4071 1139 4142 Ι
1155 4073 1271 4141 νηλεές.)

271 4173 300 4243 2)
318 4172 544 4228 Wilumowitzius
574 4171 669 4227 Bucol.
701 4172 800 4227 Graeci
830 4188 857 4242 p.
885 4173 952 4225 165:
986 4169 1095 4242 „studia
1126 4171 1272 4227 Homerica

182 4271 322 4344 Apollonii
340 4271 471 4344 similiu“;
490 4271 526 4329 ci.
546 4288 570 4329 e.
588 4289 628 4343 gr.
650 4274 683 4328 15
702 4271 741 4344 ἀμ
759 4268 832 4344 μέγα
853 4276 935 4345 τῖφος
955 4295 989 4319 =
1008 4271 1060 4343 Ap.
1079 4271 1102 4343 1,
1122 4273 1182 4327 127.
