2842 4942
707 299 752 365 28

184 476 226 543 ut
247 476 496 564 assequeretur,
530 474 693 544 nonnulla
724 476 830 543 verba
861 473 1024 563 simplicia
1052 496 1128 542 oum
1150 473 1266 542 dativo

185 591 286 661 locali
317 593 491 662 coniunxit
522 592 656 661 ratione
679 615 699 660 a
721 614 782 661 sua
810 592 916 681 ipsius
948 591 1138 660 elocutione
1170 592 1268 680 plane

185 709 351 797 aliena¹):
375 712 446 797 ίημι
463 710 536 797 (IV,
553 711 607 797 79)
625 712 765 778 πάσσειν
780 710 854 797 (IV,
871 709 949 798 443)
965 713 1087 776 τείνειν
1109 708 1149 797 (Ι,
1170 709 1268 794 1009,

185 826 248 911 IV,
272 826 358 914 107),
382 827 498 915 φέρειν
521 828 595 915 (IV,
620 828 727 915 1391).
772 827 871 896 Talia
892 848 1072 915 numquam
1100 830 1182 916 post
1204 826 1269 895 Ho-

184 944 270 1012 meri
303 947 458 1034 tempora
489 944 674 1014 aGraecis
705 945 797 1013 dicta
827 945 962 1033 poetica
993 966 1065 1012 esse
1098 943 1269 1012 existima·

185 1063 327 1148 bantur3
360 1061 403 1129 of.
428 1060 512 1129 Call.
530 1061 592 1145 VI,
611 1061 690 1128 131:
722 1064 813 1147 χᾶτις
833 1061 1017 1128 Ἐλειθνίαι
1048 1063 1150 1128 τείνει
1173 1061 1268 1148 χέρα,

186 1178 276 1268 apud
291 1178 471 1245 Homerum
495 1181 633 1246 exstant
654 1178 753 1245 huius
777 1177 867 1245 modi
889 1180 1134 1246 structurae-
1149 1178 1270 1245 Monro

185 1319 217 1385 p.
242 1295 343 1362 139s.
369 1335 409 1346 -
432 1299 472 1361 H
490 1296 553 1361 187
588 1295 690 1383 κυνέῃ
723 1296 803 1381 βάλε
837 1297 873 1362 et
906 1301 938 1360 E
958 1296 1000 1362 82
1033 1297 1138 1383 πεδίῳ
1173 1295 1270 1381 πέσε,

186 1413 283 1480 verbi
305 1415 418 1481 autem
441 1417 563 1480 τείνειν
585 1435 665 1479 usus
697 1412 850 1501 sequitur
878 1435 976 1479 usum
998 1413 1180 1481 verborum
1202 1412 1271 1480 Ho-

185 1530 385 1598 mericorum
406 1531 565 1597 πετάσσαι
587 1528 633 1617 (Δ
655 1529 719 1596 523
740 1542 885 1614 χείρε-
898 1529 1055 1616 ἑτάροισι)
1078 1532 1115 1597 et
1138 1529 1271 1618 ὀρέγειν

187 1648 222 1735 (μ
244 1649 309 1714 257
331 1659 443 1735 χεῖρας
465 1645 560 1735 ἐμοὶ).

273 1763 485 1833 Posteriores
510 1767 621 1832 autem
636 1765 742 1832 talem
757 1763 910 1832 dativum
925 1787 944 1832 e
959 1765 1142 1853 composito
1166 1757 1273 1833 verbo

188 1882 390 1971 pendentem
418 1883 502 1950 benc
531 1884 701 1950 noverant
730 1882 783 1949 ita
807 1884 849 1950 ut
874 1881 968 1948 illam
1000 1884 1211 1950 structuram
1235 1905 1274 1951 eo

188 2022 319 2088 quoque
339 2000 438 2067 modo
462 1999 630 2089 explicare
653 2002 802 2087 possent,
834 2001 875 2066 ut
896 2006 1031 2088 poetam
1052 2021 1116 2088 pro
1139 2021 1275 2089 compo·

188 2116 254 2185 sito
289 2141 386 2185 usum
419 2139 491 2184 esse
525 2117 668 2206 simplici
700 2119 805 2185 verbo
840 2119 1048 2205 acciperent;
1083 2116 1171 2184 unde
1206 2117 1277 2185 alia

187 2256 319 2323 quoque
341 2237 446 2303 verba
468 2233 633 2323 simplicia
664 2237 864 2323 usurpantes
887 2237 1025 2303 vetusto
1048 2233 1193 2301 sermoni
1216 2255 1276 2322 ap·

186 2352 412 2441 propinquare
428 2352 493 2420 sibi
508 2351 723 2435 videbantur,
747 2350 843 2419 velut
858 2351 923 2440 Ap.
940 2351 989 2434 ΙΙ,
1004 2351 1069 2417 898
1081 2350 1220 2438 Ἀγκαίῳ
1238 2349 1275 2417 δὲ

187 2475 300 2547 πολεῖς
323 2469 453 2557 ᾔνησαν
476 2468 616 2556 ἑταίρων
639 2470 780 2537 verbum
806 2472 913 2536 αίνείν
944 2468 1137 2556 significatu
1160 2489 1275 2535 assen-

186 2586 295 2655 tiendi
315 2610 379 2676 pro
399 2585 463 2671 ἕπ·,
484 2603 572 2671 συν,
596 2598 765 2653 καταινείν
779 2587 902 2674 posuit.
940 2585 1081 2653 Omnino
1101 2585 1189 2652 enim
1209 2607 1273 2673 pro

185 2725 308 2791 magno
332 2704 593 2792 compositorum
614 2726 797 2792 progressu
828 2702 1025 2792 simplicium
1054 2725 1133 2769 usus
1158 2705 1274 2771 vetus·

186 2821 273 2890 tatis
296 2821 439 2910 speciem
461 2842 544 2909 prae
567 2843 604 2888 se
626 2820 698 2888 fert
721 2843 795 2888 cum
817 2820 906 2908 apud
928 2819 1013 2887 aiios
1036 2822 1165 2907 gentes,
1198 2824 1275 2888 tum

187 2938 277 3028 apud
302 2937 468 3024 Graecos;
504 2940 607 3026 atque
639 2941 679 3005 ut
711 2938 860 3005 crebrius
894 2937 1025 3005 easdem
1058 2941 1093 3004 et
1124 2936 1159 3004 in
1190 2939 1274 3005 atti·

187 3057 289 3124 cismo
327 3059 362 3124 et
398 3056 435 3123 in
464 3056 643 3122 Homerica
677 3054 868 3123 imitatione
905 3055 996 3123 vires
1034 3072 1273 3143 cognoscamus

188 3176 335 3261 oportet,
358 3173 410 3239 ita
432 3170 619 3239 Schmidius
637 3171 754 3255 (Attio.
767 3171 862 3259 IVp.
875 3171 951 3254 714)
973 3173 1064 3239 inter
1086 3172 1274 3240 eommunia

188 3289 349 3358 atticismi
372 3290 469 3376 sigua
491 3288 626 3377 profert
647 3288 725 3356 hoc:
754 3288 887 3372 ,Verba
909 3287 1074 3376 simplicia
1096 3291 1214 3356 treton
1236 3277 1274 3356 in

188 3407 244 3475 die
265 3404 483 3474 Funktiouen
505 3428 573 3473 von
594 3404 780 3494 composita
803 3406 889 3472 ein“.

74 3527 169 3616 510.
275 3522 412 3590 Pariter
458 3523 656 3611 genetivum
700 3544 831 3611 quoque
879 3544 1000 3611 purum
1045 3522 1111 3610 Ap.
1150 3522 1272 3590 Home·

188 3663 261 3708 rum
293 3662 455 3729 superans
496 3639 603 3728 magis
635 3660 735 3728 quam
774 3662 914 3728 sequens
953 3640 1107 3708 crebrius
1138 3640 1272 3730 posuit:

187 3757 217 3842 Ι,
241 3756 326 3825 1183
350 3758 505 3843 φυλλάδα
529 3759 702 3843 λειμώνων
722 3757 843 3843 φέρον;
874 3757 903 3841 Ι,
929 3756 1014 3824 1196
1043 3757 1103 3840 τὴν
1125 3755 1272 3844 (ἐλάτην)

278 3997 306 4067 1)
324 4014 348 4050 v.
368 3996 501 4065 κομίζειν,
522 3994 595 4064 quod
607 3994 638 4049 L.
652 3993 742 4063 affert,
762 4009 817 4048 nou
834 3995 889 4049 huc
907 3993 1035 4062 pertinet,
1056 3994 1121 4062 quia
1139 3994 1187 4062 IV,
1203 3999 1274 4050 1704

185 4095 289 4168 (πολλὰ
301 4094 333 4151 δὲ
345 4099 447 4150 Πυθοῖ
461 4095 603 4166 ὑπίσχετο,
621 4094 710 4149 πολλὰ
724 4093 752 4149 δ’
764 4093 916 4165 Ἀμύκλαις,
935 4093 1025 4148 πολλὰ
1038 4095 1068 4148 δ’
1082 4089 1109 4156 ἐς
1122 4096 1273 4164 Ὀρτυγίην

185 4198 332 4266 ἀπερείσια
352 4199 428 4265 δῶρα
447 4197 601 4267 κομίσσειν)
620 4194 706 4252 dativi
724 4211 740 4251 e
757 4195 841 4250 vcrbo
860 4194 991 4266 ὑπίσχετο
1010 4193 1138 4265 pendent.
