2842 4942
690 362 733 429 29

163 536 302 625 ῥοπάλῳ
334 535 492 604 δαπέδοιο
523 536 670 623 τινύξας;
705 535 733 621 Ι,
758 537 843 604 1030
866 537 1165 623 δηιύτητος-οδιιαδε
1188 536 1252 605 iad-
1381 608 1385 614 ,

162 662 262 740 abac,
287 653 355 739 III,
375 654 461 721 1254
481 648 560 721 ἆλτο
576 653 608 721 δ’
628 653 900 743 ἀνωκηλραιστηρ
924 656 1069 739 ύιιμονος
1091 658 1174 723 ὥστε
1190 677 1251 722 τια-

161 771 340 859 λιντντιές;
371 772 434 856 IV,
458 773 523 839 598
549 770 693 838 Φαέθων
715 772 816 839 πέσεν
839 772 983 857 ἅρματος
1002 772 1164 858 Ἠελίοιο;
1187 771 1249 857 IV,

162 889 227 956 728
250 893 366 958 autem
387 890 567 976 βλεφάρων
589 891 654 956 duo
678 891 797 975 τηλόθι
814 927 854 938 -
871 890 965 957 ἵεσαν
987 889 1182 978 legendum
1206 890 1249 958 of.

161 1007 225 1090 IV,
250 1007 345 1091 1188,
368 1006 427 1074 ubi
449 1008 555 1075 verba
577 1005 692 1073 θυέων
715 1007 746 1073 δ’
772 1008 838 1073 duo
861 1011 980 1093 τηλόθι
1011 1011 1103 1094 κήκιε
1134 1008 1252 1092 λιγνύς

163 1123 281 1193 eadem
311 1145 452 1192 caesura
481 1125 640 1213 separata
672 1126 760 1192 sunt.
814 1123 978 1213 Exempla
1017 1123 1107 1193 haud
1143 1124 1252 1193 multa

162 1241 345 1310 Homerica
364 1241 517 1311 invenias
540 1240 630 1329 apud
653 1241 772 1309 Monro
794 1264 826 1330 p.
844 1241 952 1327 147s;
983 1242 1042 1330 qui
1073 1244 1251 1332 postquam

163 1358 253 1426 hunc
297 1382 394 1426 usum
436 1358 747 1448 genetivi-ablativi
786 1358 876 1447 apud
912 1357 1096 1427 Homerum
1136 1381 1252 1428 rarum

163 1498 247 1560 esse,
279 1475 309 1544 si
332 1480 465 1544 ceterae
487 1476 625 1564 linguae
646 1474 938 1563 indogermanioae
960 1479 1249 1564 compararentur,

163 1593 330 1681 exposuit,
355 1592 439 1661 dicit
460 1593 558 1661 haec:
582 1593 689 1661 Later
709 1595 807 1681 poets
830 1614 919 1661 seem
940 1596 977 1660 to
1000 1593 1042 1661 be
1063 1616 1157 1662 more
1178 1593 1251 1662 free

163 1710 199 1777 in
233 1710 303 1779 this
336 1715 471 1799 respect
504 1709 688 1799 (probably
731 1710 874 1779 because
907 1708 994 1797 they
1026 1710 1162 1778 treated
1191 1711 1251 1778 the

162 1849 270 1916 usage
293 1850 331 1895 as
355 1850 399 1894 an
421 1827 594 1911 archaism,
628 1825 777 1915 adopted
807 1849 844 1896 as
868 1826 970 1915 being
991 1826 1167 1916 poetical);
1201 1850 1252 1895 se-

163 1947 316 2033 quantur
337 1944 535 2013 testimonia
556 1944 774 2032 tragicorum.

250 2061 378 2151 Aliqua
406 2063 540 2130 ratione
572 2062 636 2130 huc
667 2063 818 2152 pertinet
847 2086 915 2132 vox
946 2062 1102 2148 ἀτύζομαι
1125 2084 1152 2130 ο.
1175 2084 1250 2150 gen.

164 2179 288 2248 omissa
305 2179 559 2268 praepositione
580 2180 708 2268 posita:
732 2179 778 2264 H,
796 2180 859 2247 635
882 2173 931 2247 εἷο
954 2178 1016 2264 μὲν
1038 2178 1113 2247 οὐδ’
1131 2179 1251 2265 ἠβαιὸν

164 2297 322 2383 ἀτύζομαι
339 2327 380 2355 =
397 2296 472 2385 περὶ
496 2297 578 2384 ἐμοῦ
601 2295 663 2383 μὲν
686 2295 786 2365 οὐδὲν
808 2301 994 2383 peponum,
1018 2299 1060 2364 ut
1073 2295 1157 2363 Eur.
1173 2295 1251 2364 Tro.

163 2415 231 2482 810
253 2415 452 2502 ἀτυζόμενος
467 2417 603 2501 unitum
626 2414 732 2483 fuisse
746 2413 856 2503 igitur
871 2415 953 2482 haec
976 2416 1152 2482 structura
1173 2435 1253 2502 poe-

163 2533 255 2602 ticae
276 2536 316 2600 ut
339 2532 391 2600 ita
410 2532 518 2600 dicam
533 2535 717 2618 συνηθείας
730 2531 875 2601 videtur.
920 2531 971 2601 Ut
986 2539 1099 2600 autem
1115 2533 1253 2600 verbum

164 2662 282 2719 ιιννεῑν
296 2650 324 2734 Ι,
341 2650 405 2717 313
420 2653 479 2717 καί
491 2676 548 2735 μιν
565 2650 730 2736 δεξιτερῆς
744 2651 854 2737 χειρὸς
868 2650 980 2734 κύσεν,
1003 2672 1077 2717 cnm
1093 2648 1252 2738 genetivo

165 2768 440 2856 coniungeretur‚
477 2766 625 2837 fortasse
663 2766 822 2855 analogia
853 2793 882 2835 ν.
920 2767 1093 2847 ἅπτεσθαι,
1132 2768 1254 2847 ψαύειν

165 2886 325 2953 effectum
347 2887 408 2953 est.

254 3002 392 3088 Contra,
424 3025 498 3070 cum
527 3002 592 3090 Ap.
617 3025 774 3090 magnum
803 3024 979 3069 numerum
1009 3004 1150 3090 usurpet
1178 3023 1253 3070 ver-

168 3121 288 3188 borum
310 3120 570 3209 compositorum
592 3120 649 3189 vel
671 3120 823 3188 dativum
845 3118 901 3188 vel
923 3118 1120 3207 genetivum
1141 3116 1254 3186 rarius

168 3236 399 3306 accusativum
410 3237 434 3325 1)
457 3235 723 3321 adsciscentium,
756 3258 842 3325 quae
864 3234 1142 3304 Linsenbarthius
1165 3258 1197 3324 p.
1221 3257 1253 3322 p.

168 3354 226 3441 103
261 3353 319 3439 263
352 3355 411 3441 463
446 3355 489 3421 54
502 3377 528 3423 s.
552 3353 732 3442 congessit,
767 3353 903 3421 dubium
935 3355 988 3422 est
1018 3354 1135 3419 utrum
1157 3374 1174 3419 e
1196 3373 1254 3420 ve-

166 3471 251 3540 teris
281 3470 480 3540 elocutionis
509 3471 694 3540 imitandae
724 3470 862 3538 consilio
886 3491 928 3537 an
952 3492 1046 3538 suum
1070 3491 1255 3538 sermonem

167 3592 302 3657 secutus
318 3589 587 3679 praepositiones
603 3589 769 3657 omiserit.
805 3588 883 3656 Non
898 3588 1006 3656 solum
1023 3588 1109 3656 enim
1125 3609 1165 3655 ea
1179 3609 1253 3655 ver·

166 3709 219 3791 ba,
233 3729 317 3795 quae
325 3706 491 3775 Homerus
503 3730 578 3775 cum
588 3705 895 3796 praepositionibus
909 3705 1086 3773 coniuncta
1096 3703 1255 3772 adhibue-

168 3823 296 3908 rat,sed
313 3824 417 3893 etiam
434 3824 544 3892 multa
566 3823 622 3891 vel
645 3826 686 3891 ab
710 3823 787 3891 aliis
803 3822 859 3892 vel
882 3824 924 3890 ab
946 3822 1007 3888 isso
1030 3820 1104 3908 ipso
1127 3823 1255 3890 novata

167 3941 234 4010 tali
266 3942 363 4010 modo
398 3944 606 4030 usurpantur
638 3941 675 4008 in
703 3939 959 4029 Argonautiois.
1013 3939 1107 4022 Quas
1140 3940 1255 4006 tamen

171 4058 362 4128 accuratius
384 4058 440 4127 hic
463 4081 531 4126 non
554 4060 805 4141 tractabuntur,
839 4056 917 4145 quia
939 4055 1092 4143 exempla
1114 4077 1156 4122 ex
1178 4054 1254 4123 aliis

262 4226 288 4298 1)
308 4223 458 4295 singularia
477 4227 520 4280 est
538 4227 679 4280 structura
696 4223 718 4291 1,
736 4225 789 4278 667
808 4224 906 4278 θῶκον
925 4217 1047 4291 ἐφίζανε.
