2842 4942
761 317 803 384 10

240 493 306 582 (op.
321 492 399 581 485)
420 491 591 578 formavit,
615 514 682 582 qua
704 493 746 561 da
761 516 799 562 re
815 494 858 563 oi.
873 493 1066 563 Brachium
1077 499 1114 583 p.
1131 492 1195 560 142
1218 492 1324 561 disse-

238 615 379 696 rentem,
410 611 470 700 qui
491 614 622 679 oeteras
645 634 777 700 quoque
800 614 842 680 ab
865 613 1012 680 Homero
1034 610 1232 680 recedentes
1252 610 1323 678 for·

238 751 309 797 mas
332 729 527 817 composuit,
553 727 675 796 omisso
698 728 815 808 πιέσας
837 729 904 814 ΠΙ,
929 730 1022 796 1335.

323 845 483 913 Eiusdem
517 845 644 912 ordinis
677 849 758 914 sunt
787 847 975 934 perfeetum
1003 845 1166 932 ἠερμένον
1188 845 1234 925 ΙΙ,
1260 845 1322 912 171

238 962 410 1051 (Hippoer.
443 963 474 1047 8,
498 963 563 1030 280
574 962 613 1030 L.
646 959 760 1050 ἦρται,
793 965 901 1049 ἄωρτο
924 966 956 1028 Γ
974 963 1051 1049 242)
1083 965 1120 1030 et
1151 963 1273 1030 littera
1303 987 1324 1047 η

195 1077 197 1079 ’
238 1079 463 1168 amplificatae
485 1079 616 1149 formae
638 1105 669 1148 v.
692 1080 786 1166 ἀέξω,
818 1079 991 1166 ἀεξηθέντι
1015 1079 1063 1163 Π,
1087 1080 1149 1147 511
1169 1082 1210 1147 et
1232 1079 1323 1165 ἀεξή-

238 1204 357 1264 σεσθαι
372 1196 438 1283 ΠΙ,
462 1199 535 1283 837,
559 1220 645 1286 quae
668 1197 710 1266 da
725 1221 757 1267 v.
774 1199 904 1280 αὐξάνοι
927 1197 1102 1265 derivatae
1125 1200 1223 1264 erant
1237 1219 1324 1264 oom-

236 1336 362 1400 munee,
395 1315 491 1385 dev.
514 1315 596 1397 ἀέξω
629 1316 738 1384 adhue
768 1339 836 1384 non
869 1317 1055 1404 usurpatae
1083 1317 1126 1383 ab
1147 1314 1324 1402 Apollonii

237 1432 447 1521 temporibus
471 1434 584 1522 opicae
606 1456 746 1522 poeseos
779 1433 935 1522 propriae
958 1436 1075 1520 erant,
1110 1455 1138 1500 e.
1161 1455 1212 1520 gr.
1236 1432 1321 1517 Nic,

237 1548 321 1638 Opp.
345 1549 423 1617 Hal.
446 1550 490 1635 V,
512 1551 593 1638 4643
617 1551 728 1619 Nonn.
752 1550 793 1617 D.
817 1550 897 1631 XII,
920 1550 990 1617 241

190 1718 197 1732 .
324 1665 523 1753 ἀεξήσεσθαι
555 1671 669 1736 autam
698 1667 836 1735 notione
865 1667 1004 1757 passiva
1026 1669 1225 1754 usurpatum
1249 1688 1323 1733 esse

237 1782 383 1870 dignum,
418 1784 507 1872 quod
538 1783 844 1854 animadvertatur.
896 1784 1036 1853 Nullum
1068 1784 1156 1851 enim
1186 1783 1222 1850 in
1252 1782 1322 1849 Ar-

235 1898 427 1987 gonautiois
470 1901 625 1969 futurum
668 1901 706 1968 iu
749 1905 932 1986 -θήσεσθαι
974 1900 1095 1968 uadens
1139 1900 1324 1969 invenitur.

236 2015 453 2103 Cognoverat
482 2016 592 2105 igitur
614 2016 680 2106 Ap.
703 2017 763 2086 bas
791 2016 920 2085 formas
952 2019 994 2085 ab
1016 2017 1163 2085 Homero
1195 2016 1323 2084 alienas

236 2154 319 2216 esse,
343 2154 448 2220 eaque
471 2133 513 2200 de
535 2155 636 2201 causa
659 2137 861 2223 aspernatus
885 2137 947 2219 est,
972 2133 1063 2202 haud
1085 2134 1188 2203 aliter
1209 2156 1249 2202 ao
1269 2134 1324 2201 fu-

235 2246 307 2317 turi
330 2250 521 2338 optativum
530 2249 564 2338 1).
610 2252 664 2320 Ne
679 2251 753 2339 quis
775 2251 927 2336 miretur,
951 2250 1040 2341 quod
1062 2251 1200 2319 tantula
1221 2253 1325 2339 poeta

235 2367 476 2454 grammaticus
509 2369 757 2453 observaverit,
793 2369 949 2436 conferat
980 2368 1091 2453 velim,
1127 2390 1213 2458 qnae
1235 2369 1322 2436 Mer-

235 2483 345 2552 kelius
379 2484 478 2572 proll.
501 2507 534 2573 p.
560 2484 670 2553 CLVI
701 2485 743 2553 de
775 2487 958 2571 αἱμυλίοισι
992 2488 1121 2570 λόγοισι
1153 2485 1322 2555 disseruit.

236 2601 300 2670 cni
322 2600 474 2689 exemplo
498 2601 591 2669 aliud
613 2601 771 2686 addatur,
795 2625 859 2691 quo
884 2605 1012 2692 quanta
1035 2602 1229 2670 subtilitate
1250 2604 1322 2670 imi-

235 2719 331 2786 tator
349 2721 585 2806 persorutatus
608 2722 645 2787 et
667 2723 862 2806 persecutus
887 2721 934 2787 sit
955 2719 1147 2803 Homerum,
1180 2720 1321 2788 eluceat.

234 2834 290 2903 Ab
305 2835 485 2904 Homerica
507 2836 695 2904 elocutione
712 2837 843 2904 omnino
868 2837 978 2904 atiena
1001 2859 1074 2904 esse
1097 2836 1264 2905 adieetiva
1286 2838 1322 2903 in

235 2956 321 3031 -ικός
334 2952 490 3021 cadentia
505 2952 619 3021 docuit
629 2953 947 3042 Wackernagelius:
970 2954 1190 3023 inveniuntur
1203 2954 1240 3020 in
1251 2954 1322 3022 Ho-

234 3070 318 3138 meri
340 3070 541 3139 carminibus
558 3071 722 3139 nonnnJIa
736 3070 870 3138 nomina
884 3071 980 3140 velut
999 3072 1169 3158 Ἀχαιιαός,
1192 3077 1321 3138 Πελασ-

96 3235 97 3238 ,
235 3190 339 3274 γιαός,
372 3192 553 3277 praeterea
585 3190 768 3276 ὀρφανιαός
797 3191 833 3256 et
861 3192 1064 3286 ααρθεναιῄ;
1096 3211 1205 3278 neque
1239 3189 1322 3256 baec

235 3308 315 3374 eunt
338 3305 549 3392 adjectiva2).
595 3306 717 3394 Itaque
750 3329 793 3374 na
816 3306 1017 3394 Apollonius
1052 3306 1186 3395 quidam
1212 3305 1321 3373 ullum

234 3425 378 3511 usurpat
401 3422 605 3492 adieetivum
619 3424 654 3490 in
670 3426 757 3502 -ιιιός
771 3422 926 3491 desinens
944 3423 1011 3490 uisi
1025 3424 1159 3491 nomina
1180 3423 1322 3513 propria

235 3543 272 3608 et
294 3544 481 3626 παρθενική
511 3564 589 3609 mox
619 3564 680 3629 pro
703 3541 917 3610 substantivo
948 3562 1025 3608 mox
1046 3564 1110 3630 pro
1142 3541 1319 3624 adieetiv0,

325 3763 352 3835 1)
370 3764 454 3820 Laur.
468 3762 577 3834 quidam
589 3764 694 3820 nullum
707 3763 860 3833 exemplum
872 3763 988 3834 praebet
995 3787 1003 3831 ;
1020 3764 1114 3833 itaqua
1127 3763 1202 3819 baud
1215 3764 1271 3820 scio
1284 3779 1321 3820 ao

234 3881 289 3921 non
307 3865 567 3922 reeteWellanerus
586 3866 633 3935 IV,
647 3868 717 3922 1660
735 3862 811 3935 ρι’ξοι
829 3864 973 3935 receperit,
993 3865 1040 3936 (II,
1058 3868 1111 3921 469
1129 3863 1246 3935 μογήσαι
1265 3881 1320 3920 non

233 3966 288 4022 nisi
306 3981 401 4021 errore
420 3964 553 4034 explicari
571 3966 685 4038 potest.)

324 4066 353 4138 2)
371 4066 415 4120 W.
427 4067 557 4123 Schulre:
576 4069 633 4123 Zur
643 4068 740 4124 Geseh.
750 4067 776 4123 d.
786 4067 834 4122 lat.
845 4066 1032 4136 Eigennamen
1041 4084 1069 4137 p.
1079 4069 1139 4122 418.
1178 4065 1230 4134 Qui
1247 4064 1320 4120 idem

234 4167 346 4224 tertium
364 4167 446 4223 huius
465 4166 539 4224 modi
556 4169 717 4226 imitationis
738 4169 891 4239 exemplum
909 4183 1014 4224 mecum
1034 4153 1256 4237 commumoavit3
1283 4167 1318 4221 cs.

232 4269 267 4329 u
285 4270 315 4328 z.
335 4269 489 4343 xxxvnr,
508 4273 570 4327 νει.
