2842 4942
627 336 649 402 5

96 533 177 580 esse.
232 511 285 579 De
317 508 513 579 Antimachi
546 514 658 579 autem
701 509 794 596 arte,
838 531 1042 601 quamquam
1074 511 1130 582 vel
1161 535 1183 582 a

95 629 241 698 Platone
280 629 436 718 probata,
471 652 534 697 nos
571 628 704 717 quidem
738 651 812 697 cum
841 650 948 719 pauca
981 651 1182 719 cognoscere

95 746 277 835 possimus,
328 745 391 813 hoc
440 746 616 835 proprium
659 746 855 814 Antimachi
899 770 972 816 esse
1020 747 1182 834 videmus,

95 863 185 952 quod
208 863 412 931 creberrime
433 885 553 932 versus
584 863 782 951 spondiacus
803 863 909 953 ponit,
941 865 994 933 ita
1015 868 1055 933 ut
1077 888 1105 934 e.
1128 887 1180 953 gr.

96 1002 137 1047 ex
170 981 314 1068 quinque
344 980 497 1049 versibus
520 980 564 1048 fr.
589 980 687 1052 19s20
708 983 872 1069 quattuor
904 982 973 1049 sint
1007 983 1181 1051 σπονδειά-

95 1102 221 1184 ζοντις,
246 1099 330 1185 quot
352 1100 465 1165 autem
487 1098 553 1186 Ap.
571 1097 732 1166 eiusmodi
747 1120 866 1166 versus
890 1096 1083 1167 adhibuerit
1104 1120 1182 1167 con-

96 1217 177 1282 stat.
222 1213 276 1280 Ex
297 1212 502 1283 Antimacho
526 1213 647 1283 deinde
670 1215 878 1303 singularem
899 1214 996 1281 illum
1017 1214 1181 1304 particuli

94 1335 203 1419 τόφρα
234 1354 330 1398 usum
362 1330 544 1399 relativum
575 1331 756 1420 sumpsisse
778 1331 940 1400 videntur
970 1331 1180 1401 recentiores

93 1451 225 1537 poetae,
260 1448 352 1516 cuius
387 1448 540 1537 exempla
571 1449 661 1537 apud
682 1448 900 1537 Apollonium
935 1453 1073 1518 exstant
1098 1449 1179 1538 duo;

94 1565 161 1650 III,
185 1565 250 1632 808
272 1567 340 1632 ἵετο
364 1565 393 1630 d’
417 1567 438 1651 ἥ
461 1564 679 1653 γεΙφάομακα
701 1565 860 1646 λέξασθαι
883 1570 1105 1655 θυμοφθόρα,
1127 1569 1180 1634 τό-

94 1708 164 1771 φρα
186 1684 344 1769 πάσαιτο,
369 1681 431 1767 IV,
449 1682 534 1751 1487
557 1683 575 1749 ὅ
599 1683 628 1749 6'
653 1683 718 1750 ἑῶν
740 1686 857 1769 μήλων
880 1684 967 1772 πέρι,
988 1684 1084 1773 τόφρ’
1111 1684 1179 1751 tra·

37 1851 40 1857 -
94 1816 204 1884 ροισιν
240 1798 435 1885 δευομένοις
474 1802 654 1885 κομίσειας,
686 1838 730 1848 -
761 1799 970 1885 κατέπεφνεν
993 1800 1048 1887 (cf.
1071 1800 1115 1869 A.
1140 1800 1179 1868 Ρ.

93 1915 155 1999 ΙΧ,
168 1915 275 1999 ata?
297 1915 394 2001 τόφρ’
419 1917 437 1983 ὁ
461 1915 763 2005 γεραιὸςΙιιλώσῃ).
798 1915 926 1984 Eodem
948 1916 1036 1985 enim
1057 1940 1177 1987 versus

93 2031 166 2101 loco
188 2031 413 2100 Antimachus
438 2032 484 2100 fr.
509 2034 529 2099 3
551 2056 613 2122 pro
637 2035 726 2121 ὄφρα
744 2032 864 2122 posuit
884 2036 1009 2121 coppo:

199 2151 322 2235 ἄντρον
346 2148 397 2216 ἐνὶ
420 2153 532 2216 σκιόεν
544 2150 568 2234 ¹)
590 2153 785 2236 τευμήσατο,
807 2152 917 2237 τόφρα
938 2175 997 2217 κεν
1019 2154 1080 2238 εἴη.

178 2266 262 2333 Ant.
286 2266 329 2333 fr.
354 2266 395 2334 35
427 2270 464 2335 et
495 2267 561 2356 Ap.
585 2267 612 2351 Ι,
639 2266 734 2352 1235,
769 2266 836 2350 ΙΠ,
861 2267 934 2352 238,
961 2267 1047 2336 1160
1078 2268 1178 2337 initio

92 2405 209 2453 versus
233 2406 300 2451 vox
322 2382 433 2470 λέχρις
463 2383 600 2471 legitur,
633 2405 719 2473 quae
751 2407 825 2453 cum
853 2406 1017 2474 nusquam
1039 2385 1103 2453 nisi
1124 2384 1177 2454 his

91 2500 174 2568 locis
197 2501 320 2585 exstet,
353 2523 393 2569 ex
416 2500 612 2569 Antimachi
640 2502 831 2590 glossarum
854 2501 951 2591 copia
974 2503 1017 2570 ad
1038 2501 1177 2591 Apollo·

90 2617 183 2684 nium
205 2618 339 2685 venisse
361 2618 509 2702 videtur,
532 2617 624 2685 haud
646 2618 749 2687 aliter
773 2640 814 2686 ac
827 2642 895 2688 vox
917 2621 1068 2704 ἔδεθλον,
1092 2642 1178 2709 quae

91 2736 128 2802 et
148 2732 214 2823 Ap.
237 2735 301 2820 IV,
325 2735 387 2802 331
412 2739 449 2803 et
471 2736 599 2803 Antim.
622 2735 665 2804 fr.
688 2737 731 2803 28
754 2758 888 2804 versum
919 2736 1088 2805 concludit
1095 2761 1102 2823 ;
1137 2761 1178 2806 ex

90 2850 293 2920 Antimacho
315 2851 497 2942 Lycophro
521 2875 651 2942 quoque
680 2853 766 2922 hanc
788 2877 904 2923 vocem
926 2854 1106 2943 sumpsisse
1129 2855 1176 2924 vi·

91 2969 200 3053 detur,
224 2970 281 3057 qui
302 2969 372 3038 alia
393 2992 525 3059 quoque
547 2970 711 3038 nonnulla
732 2970 786 3038 illi
809 2970 953 3058 dehet2).

179 3084 344 3155 Veterum
366 3087 551 3174 lyricorum
573 3086 724 3175 vestigia
745 3088 840 3156 nulla
861 3087 977 3176 feret,
1002 3087 1092 3176 quod
1113 3111 1175 3157 nos

90 3201 232 3290 quidem,
266 3204 386 3292 quibus
417 3207 488 3272 tam
520 3203 619 3293 pauci
649 3203 784 3271 illorum
808 3227 925 3274 versus
950 3204 1075 3274 traditi
1106 3205 1179 3273 sint

183 3455 210 3526 1)
229 3452 324 3509 σκιόειν
343 3470 424 3524 quam
443 3456 613 3525 postulamus
628 3456 791 3512 sententiam
802 3456 933 3528 praebet;
952 3453 995 3511 ἐνὶ
1007 3472 1068 3512 cum
1080 3456 1177 3527 τεκμή·

90 3568 157 3611 αατο
178 3555 402 3626 coniungendam.

179 3658 208 3728 2)
226 3656 256 3712 id
274 3656 348 3726 quod
366 3672 401 3712 ex
419 3657 542 3713 scheerii
559 3657 649 3715 indice
667 3660 750 3715 facile
768 3659 949 3730 cognoscitur.

179 3759 207 3829 3)
227 3757 280 3814 duo
298 3759 344 3814 hic
363 3759 487 3829 exempla
506 3759 654 3831 adscripsit
672 3761 705 3816 G.
720 3761 843 3831 Schulze,
862 3776 978 3831 quorum
995 3777 1079 3817 unum
1097 3762 1176 3833 (Sap-

89 3843 144 3929 pho
170 3861 205 3914 54
232 3861 337 3930 Berglr4
364 3885 395 3903 κ
424 3861 444 3930 1,
464 3862 529 3933 538)
563 3861 738 3918 manifestam
774 3861 944 3918 demonstrat
987 3861 1175 3932 imitationem,

89 3961 207 4016 alterum
225 3961 322 4031 (Alcm.
343 3964 359 4016 7
378 3960 397 4015 ot
416 3962 506 4031 λίγεια
525 3960 640 4031 Σειρήν,
658 3963 706 4031 IV,
717 3966 770 4018 892
789 3965 891 4032 λίγειαι
910 3964 1063 4032 Σειρῆνες),
1083 3979 1175 4032 quam-

87 4076 172 4131 quam
192 4062 262 4118 alias
281 4062 391 4118 Sirenes
409 4063 462 4117 hoc
481 4063 623 4134 epitheton
642 4080 697 4118 non
716 4064 827 4133 habent,
846 4063 958 4119 levioris
977 4069 1020 4119 est
1038 4065 1174 4135 momenti,

90 4162 155 4232 quia
172 4161 247 4217 haud
265 4162 322 4218 scio
341 4179 377 4220 an
397 4178 463 4219 casu
483 4163 580 4219 effecta
605 4163 643 4219 sit
667 4162 834 4235 similitud03
862 4163 948 4236 (apud
966 4165 1177 4236 Lycophronem

87 4266 140 4319 726
159 4265 259 4334 Alyssos
276 4280 333 4320 una
351 4280 385 4321 ex
403 4265 544 4322 Sirenibns
564 4266 744 4338 appellatur).
