2842 4942
671 333 716 400 60

236 503 299 590 IV,
322 505 388 573 500
409 498 464 574 οἷα
486 505 514 572 δ’
539 507 681 585 ἄνακτος

237 622 367 701 εὔνιδες
388 621 567 711 ἀργαλέῃσι
590 624 801 710 διχοστασίης
823 625 1004 691 κεδόωνται

237 762 305 808 vox
324 740 432 808 κεδᾶω
448 740 578 828 legitur
601 740 714 829 (quam
729 739 921 828 Hesychius
945 761 1077 829 quoque
1099 738 1235 827 affert);

146 875 235 945 ¹quac
269 859 324 926 est
351 878 511 947 praesens
539 856 737 926 Homericae
768 856 899 926 formae
932 856 1106 942 ἐκέδασσε,
1138 854 1237 924 velus

148 973 224 1043 Nic.
240 973 284 1042 al.
301 973 365 1041 536
381 975 508 1041 σκεδᾶω
524 974 695 1059 formavit,
718 974 934 1043 Homericum
949 994 1110 1062 praesens
1126 973 1236 1058 κεράω

149 1090 188 1178 (δ
210 1089 276 1158 470
296 1090 475 1178 κερόωντο)
506 1092 671 1171 imitatus,
702 1091 791 1181 qued
813 1091 886 1179 ipse
907 1091 974 1181 Ap.
997 1091 1024 1175 I,
1040 1090 1125 1159 1185
1148 1092 1181 1158 οἱ
1203 1089 1232 1156 δ’

146 1202 244 1277 «οἶνον
258 1221 418 1298 κρητῆρσι
439 1208 557 1295 κέρων,
581 1209 742 1277 πουέοντό
765 1233 800 1276 τε
822 1212 919 1276 δαῖτα
940 1211 1099 1297 praessa
1124 1229 1235 1276 exem-

148 1324 242 1415 plum
275 1326 458 1414 singularis
491 1325 732 1395 contractionis
766 1325 900 1394 invenit
936 1324 1063 1396 formas
1091 1324 1234 1396 Homeri

147 1443 396 1512 recentissimas
412 1468 438 1511 ω
453 1443 518 1511 364
532 1455 707 1530 περῶντας,
732 1444 831 1511 0500
848 1455 1003 1529 κερῶντο.
1040 1442 1093 1511 At
1110 1441 1232 1530 κέραιε,

147 1581 233 1649 quae
264 1559 375 1628 forma
405 1560 511 1628 1203
542 1563 672 1645 exstat,
707 1560 875 1632 araceum
903 1558 990 1627 illud
1020 1559 1143 1627 κεδαίω
1175 1559 1231 1647 (cf.

146 1701 179 1768 p.
195 1678 251 1766 52)
272 1698 454 1764 generasse
475 1677 661 1747 verisimile
684 1679 748 1746 esi.
905 1704 907 1707 ·

33 1800 53 1886 ξ
75 1798 128 1867 23.
234 1794 339 1864 Plane
357 1794 477 1864 deinde
495 1796 537 1863 ab
552 1795 745 1884 Apollonio,
767 1794 857 1884 quod
878 1818 940 1864 nos
960 1794 1095 1884 quidem
1116 1794 1232 1864 videa·

146 1934 229 1998 mus,
252 1915 381 1985 navaie
401 1912 622 1982 inveniuntur
644 1916 750 1983 verba
771 1913 870 1982 haec:

233 2030 441 2116 ἀπηλεγέωνι
458 2031 506 2117 Π,
521 2031 562 2098 17
585 2034 614 2098 εἰ
629 2031 658 2098 δ’
674 2031 717 2098 διν
731 2029 971 2117 ἀπηλεγέοντες
985 2030 1065 2116 έμδς
1079 2029 1232 2099 πατέοιτε

146 2147 322 2234 θέμισταςς
354 2147 542 2234 ἀπηλεγέως
571 2151 687 2216 exstat
715 2145 952 2232 Ηοω.1309,
980 2163 1001 2214 α
1024 2147 1104 2233 376,
1129 2169 1232 2236 qnam

4 2332 6 2336 ,
145 2265 189 2333 εδ
210 2287 326 2334 vocem
347 2264 413 2355 Ap.
438 2265 630 2352 ἀπηλεγέων
651 2264 799 2333 formare
822 2286 924 2333 ansus
946 2267 1008 2350 est,
1038 2263 1135 2335 velut
1157 2263 1232 2353 ipse

145 2385 181 2452 et
202 2382 365 2469 εὐμενέως
387 2388 423 2451 et
445 2382 613 2469 εὐμενέων
634 2381 824 2471 usurpavit.

231 2500 428 2586 έπιστοβέωι

144 2616 214 2702 ΠΙ,
237 2615 301 2684 666
323 2620 369 2704 μή
391 2642 450 2703 μιν
471 2615 708 2703 κερτομέουσαι
731 2615 948 2702 ἐπιστοβέωσι
971 2624 1140 2702 recalces}

146 2733 209 2818 IV,
234 2733 318 2800 1725
341 2735 399 2812 τὰς
421 2733 449 2800 δ’
476 2735 624 2822 αἰσχροῖς
646 2736 751 2821 ἥρωες
773 2732 1027 2818 έπιστοβέεσιιον
1050 2734 1185 2800 ἔπεσσιν

230 2853 332 2940 χλεύη
354 2853 542 2938 γηθόσυνοι

230 2966 304 3037 Ηοο
340 2971 481 3038 verbum
517 2968 654 3038 notione
692 2967 874 3037 cavillandi
909 2966 1117 3036 instructum
1153 2991 1229 3039 cum

141 3085 235 3154 nulio
273 3085 341 3153 nisi
370 3085 547 3174 Apollonii
582 3086 665 3154 locis
702 3085 915 3169 inveniatur,
947 3090 1067 3171 στόβος
1088 3108 1156 3175 pro
1187 3109 1227 3156 οο

142 3200 232 3292 qnod
266 3206 320 3272 est
352 3202 545 3291 obiurgatio
580 3202 671 3291 apud
702 3203 962 3293 Lycophrenem
992 3203 1057 3270 395
1094 3206 1228 3284 ειεδεες

141 3326 273 3388 ceteras
302 3319 402 3387 huius
432 3320 551 3409 stirpis
573 3342 673 3390 voces
703 3322 860 3406 στοβάζω,
890 3323 1071 3406 στόβασμα,
1100 3319 1226 3406 στοβέω

141 3436 292 3506 afferunt
312 3436 502 3523 Hesychius
526 3441 562 3505 et
584 3437 641 3505 Et.
665 3438 733 3526 Mg.

228 3556 384 3640 έκμαίνωι
408 3552 474 3636 ΠΙ,
491 3553 555 3621 847
578 3561 613 3622 εἴ
628 3554 654 3621 ιί
671 3593 715 3605 -
731 3553 787 3621 ἑὸν
810 3554 912 3641 δέμας
936 3556 1137 3640 ἰκμαίνοιτος
1161 3553 1224 3640 IV,

142 3670 227 3739 1666
250 3671 294 3749 ὣς
316 3680 374 3758 τῆς
396 3674 588 3757 ἰκμαίνοντο
616 3673 786 3758 παρηίδες.
831 3671 933 3740 Cuius
956 3671 1054 3742 verbi
1076 3671 1226 3742 activum

140 3787 215 3858 Nic.
239 3787 283 3856 al.
308 3787 371 3856 112
394 3789 439 3856 ὅτ’
457 3792 577 3876 ἰκμηνη
600 3789 700 3875 δέμας
723 3791 824 3878 ἱδρώς
845 3789 1035 3879 usurpavit,
1060 3813 1134 3858 cum
1156 3789 1227 3859 alia

141 3905 294 3993 exempla
326 3927 394 3972 non
431 3906 564 3974 obviam
597 3905 737 3974 veniant
769 3929 876 3995 neque
910 3910 1047 3994 praeter
1079 3907 1226 3993 ῑκμάζειν

141 4021 228 4109 (Nic.
250 4022 295 4091 fr.
318 4022 449 4105 70,17;
481 4022 574 4091 Plus.
606 4046 689 4089 mor.
713 4024 778 4091 954
790 4022 832 4110 Β)
854 4023 961 4091 ullum
984 4024 1082 4095 huius
1106 4025 1224 4115 stirpis

142 4141 238 4227 ῥῆμα.
291 4139 343 4206 Aa
373 4138 489 4207 multis
521 4139 725 4207 testimoniis
750 4162 847 4208 voees
877 4142 974 4226 ἰκμάς
1007 4141 1163 4226 „humcr“
1189 4148 1227 4211 et

142 4257 302 4346 ἰκμαλέως
331 4256 523 4346 „humidus“
548 4261 650 4326 notae
672 4259 762 4325 sunt.
