2842 4942
68 114 203 185 videtur
211 121 222 183 εἶ
243 113 328 184 Gall.
347 114 377 200 I,
399 113 442 182 46
466 119 533 182 Ζεῦ
555 114 593 181 σὲ
615 115 652 181 δὲ
675 113 881 202 Κνρβάννων
907 111 1020 198 ἑτάραι
1042 129 1146 199 προσ-

67 235 291 320 ιιιηχύναντο;
327 231 412 301 call.
435 231 480 301 fr.
504 231 583 299 344:
615 230 707 301 Suid.
736 232 1036 318 περιπηχύναννες·
1060 251 1150 317 περι·

67 351 280 437 πλεξάμενοι,
317 349 415 417 illum
446 372 584 419 versum
608 348 736 417 imitati
773 351 854 418 sunt
875 347 1029 417 Rhianus
1050 348 1095 418 A.
1111 346 1149 416 P.

66 467 150 552 XII,
174 466 236 534 121
271 470 329 534 καί
352 484 390 534 σε
413 466 489 535 ποτὶ
512 467 683 556 ῥοόόαισιν
705 466 913 554 ἑπηχύναννο
935 466 1089 554 χέρεσσιν
1116 470 1153 534 et

66 585 207 655 Nonnus
230 583 272 652 Ι).
296 585 358 671 ΙΧ,
382 585 425 652 30
454 586 491 651 αί
511 583 548 651 δὲ
570 588 733 670 λαβοῦσαι
761 585 818 672 (sc.
841 583 997 671 Νύμφαι)
1020 583 1151 668 Βάκχον

66 703 292 789 ἐπηχύναννος
330 724 404 770 cum
436 701 500 770 hae
531 700 655 768 Suidae
692 702 807 790 glossa
842 699 1064 769 conferendus
1097 705 1151 769 ost

65 820 158 890 loeus
180 819 461 908 Dionysiacorum
490 818 602 903 XXV,
626 819 690 887 177
715 800 830 885 ’λέοντι
858 821 1020 905 βραχίονα
1052 817 1151 899 λόξον

68 937 176 1020 ἑλίξας
194 937 200 1027 Ι
219 935 397 1025 εύπαλάμφ
413 940 540 1025 πήχννε
555 940 759 1022 περίπλοκον
777 935 899 1023 αὐχένα
921 939 1040 1026 δεσμῷ.
1084 935 1150 1004 Ao·

65 1057 175 1125 tivum
197 1057 263 1145 Ap.
287 1078 418 1145 quoque
439 1056 502 1140 IV,
519 1055 583 1122 972
605 1066 702 1143 χαῖον
724 1056 857 1142 παλάμη
879 1057 931 1121 ἔνι
951 1056 1149 1142 πηχύνουσα

66 1173 189 1262 posuit,
220 1175 260 1242 ut
283 1172 384 1241 schol.
410 1173 567 1263 explicat,
597 1170 671 1239 ἀντὶ
693 1182 753 1240 τοῦ
775 1184 819 1262 τῷ
841 1175 937 1259 πήχει
960 1183 1018 1259 νής
1040 1174 1150 1259 χειρὸς

65 1302 323 1378 προσηρτηκνία.

152 1407 226 1490 Quo
249 1407 462 1476 referendum
493 1412 547 1477 est
578 1413 719 1478 verbum
747 1411 916 1496 φοινίξειν,
949 1406 1039 1497 quod
1061 1405 1148 1476 (tall.

65 1525 108 1593 fr.
134 1525 197 1592 148
232 1525 380 1614 legitur:
418 1529 456 1594 τὸ
493 1529 661 1613 φοινίξειν
695 1530 796 1594 Καλλ.
827 1530 1025 1612 παραλόγως
1057 1518 1150 1591 εἶπεν

66 1645 235 1730 φοινίξειν,
272 1644 437 1729 φάμενος·
477 1647 637 1730 φοινίξειν
676 1641 799 1728 ἀγαθοὶ
836 1644 997 1720 πολλάκις
1028 1643 1149 1729 ἠίθεοι.

64 1759 107 1846 (h.
131 1759 229 1826 Hom.
252 1760 426 1844 XXVI,8
457 1764 641 1846 φοιτίζεσκε
672 1759 746 1828 καθ’
771 1761 932 1847 ὑλήεντας
964 1758 1149 1846 ἐναύλους.)

62 1875 130 1965 Ap.
145 1874 209 1943 hac
232 1897 313 1944 voce
334 1899 414 1944 usus
438 1881 500 1961 est,
523 1876 661 1946 imitans
676 1875 892 1946 Homericum
913 1876 1022 1944 locum
1037 1881 1072 1942 Σ
1084 1875 1148 1942 386

64 1993 171 2076 πόρος
192 1991 232 2077 χέ
252 1993 314 2078 μὲν
335 1994 376 2061 ού
400 2017 432 2060 τι
458 1997 623 2079 θαμίζεις,
647 1993 712 2081 ΠΙ,
727 1995 771 2061 54
792 1997 827 2060 τί
846 1993 873 2060 δ’
901 1994 1053 2060 ἱκάνετον
1075 1992 1149 2058 ούνι

64 2109 171 2194 πάρος
192 2133 230 2194 γε
253 2112 329 2196 λίην
352 2113 575 2196 φοιτίξονσαι,

151 2224 223 2294 Nos
254 2229 395 2295 verbum
426 2226 553 2313 άβολέω
588 2229 723 2296 tantum
755 2226 841 2296 Gall.
873 2226 916 2294 fr.
941 2225 1005 2292 455
1035 2225 1148 2311 Ἀβάλε

62 2343 140 2428 μηδ’
167 2330 336 2428 ἀβόλησαν
356 2343 499 2433 legimus
523 2348 559 2412 et
573 2343 639 2432 Ap.
658 2344 705 2429 ΙΙ,
718 2346 783 2412 770
805 2344 974 2430 ἀβόλησαν
989 2343 1148 2430 Λητοίόη,

62 2459 131 2545 ΠΙ,
145 2459 231 2527 1145
259 2457 360 2540 αὖθις
392 2463 422 2527 δ’
449 2462 657 2548 ἀβολήσομεν
687 2460 800 2529 ἐνθάό
829 2464 950 2548 ἰόντες,
993 2460 1030 2529 id
1060 2458 1148 2549 quod

62 2598 144 2645 casu
166 2577 328 2646 accidisse
358 2601 400 2647 ex
428 2579 607 2667 permultis
639 2579 736 2646 huius
760 2579 879 2666 stirpis
902 2578 1032 2662 formis,
1064 2598 1147 2666 quas

61 2693 296 2782 lexicographi
318 2700 546 2764 servaverunt
555 2696 589 2783 1),
622 2695 852 2782 concluditu13
886 2695 1025 2778 accedit,
1048 2692 1147 2783 quod,

63 2833 139 2878 oum
153 2811 291 2878 verbum
313 2811 423 2899 ipsum
438 2838 458 2879 α
474 2813 677 2901 copulativo,
702 2813 792 2901 quod
810 2812 949 2880 dicimus
965 2811 1148 2880 formatum

62 2929 216 2996 veterem
252 2928 420 3017 quandam
457 2930 599 3019 speeiem
642 2934 802 3018 praebet,
851 2933 924 2999 tum
966 2929 1147 3015 ἀβοληνύς·

62 3045 224 3130 ἔντευξις;
262 3048 461 3131 σννάννησις
499 3047 625 3134 (anecd.
659 3047 743 3115 Bek.
767 3047 861 3134 322),
900 3068 999 3135 quam
1032 3068 1147 3115 vocem

61 3160 243 3230 Kinkeh'us
259 3161 350 3230 inter
362 3162 559 3232 Antimaohi
573 3164 767 3251 fragmenta
782 3164 836 3252 (fr.
851 3162 927 3231 dub.
940 3164 1017 3250 108)
1032 3164 1146 3231 affert.

150 3278 302 3347 Verbum
324 3281 464 3366 φοιβάω,
497 3280 588 3368 quod
609 3281 671 3349 illa
693 3284 808 3349 aetate
830 3281 1004 3348 invenitur
1027 3279 1144 3367 prima,

61 3394 151 3484 apud
174 3394 416 3463 Callimachum
445 3400 560 3466 exstat
583 3397 625 3481 V,
650 3397 690 3464 11
726 3396 906 3484 ἐφοίβασεν
934 3397 971 3463 δὲ
1000 3396 1146 3480 παγέντα

61 3512 169 3578 πάντα
197 3515 435 3599 χαλινοφάχοιν
466 3514 577 3600 ἀφρὸν
608 3514 674 3581 ἀπὸ
709 3515 891 3600 στομάτων,
930 3511 1147 3580 Theocritum

60 3633 204 3715 Πτολεμ.
229 3627 293 3696 134
335 3641 446 3718 χεῖρας
490 3634 681 3718 φοιβήσασα
724 3633 845 3718 μύροις
884 3632 932 3696 ἔτι
976 3629 1147 3711 παρθένος

55 3736 150 3830 Ἰριςς
174 3747 277 3834 atque
300 3746 416 3815 eodem
436 3769 556 3816 versus
579 3747 653 3816 Ιοοο
676 3746 766 3840 apud
781 3745 1001 3837 Apollonium
1019 3746 1068 3832 Π,
1081 3746 1145 3814 302

151 3887 179 3958 1)
199 3902 269 3958 quae
287 3903 380 3945 omnes
398 3887 573 3946 inveniuntur
590 3889 619 3946 in
636 3887 857 3948 Konstantinidis
875 3889 1006 3947 thesauro
1025 3906 1052 3960 p.
1064 3891 1090 3945 5.
