2842 4942
674 339 719 406 04

157 515 234 602 δοιῇ
256 509 342 582 εἶναι
365 514 558 585 derivatum
581 535 661 600 esse,
683 513 775 603 quod
795 535 834 583 se
854 538 923 586 non
943 515 1012 583 iam
1032 514 1243 584 intellexisse

155 630 229 720 ipse
250 630 453 720 Apollonius
477 631 733 701 demonstravit.

242 747 376 834 Forma,
414 770 501 838 quae
532 748 678 817 occurrit
700 748 748 833 Π,
763 748 827 816 001
852 748 1064 835 παρέθρισαν
1086 749 1171 834 ἄκρα
1189 751 1242 815 κό-

156 866 468 959 pvpssareferenda
490 866 534 935 ad
556 865 745 953 ἀπέθρισαν
771 865 913 954 (Archit
936 865 978 933 fr.
1003 866 1127 953 138B3
1159 865 1241 934 Eur.

157 979 213 1049 Or.
238 983 317 1071 1283
349 983 472 1052 Aesch.
494 984 561 1072 Ag.
585 982 663 1071 536)
685 987 748 1052 est.
793 983 847 1052 Ne
869 983 969 1052 huius
991 982 1126 1073 quidem
1144 983 1244 1052 verbi

157 1097 244 1166 aliae
260 1099 325 1167 nisi
340 1100 460 1168 coristi
478 1100 655 1190 compositi
676 1101 804 1170 formae
826 1099 977 1168 traditae
1000 1102 1089 1185 sunt,
1114 1121 1200 1189 quae
1222 1121 1243 1166 a

156 1215 266 1303 poetis
296 1221 480 1306 usurpatae
503 1220 592 1304 sunt,
624 1240 653 1286 e.
676 1240 727 1306 gr.
748 1217 812 1303 Qu.
837 1216 904 1287 Sm.
926 1217 990 1303 XI,
1013 1217 1056 1285 53
1079 1216 1242 1304 διέθρισε.

44 1357 137 1443 525,
244 1332 318 1402 Hoc
351 1334 424 1404 loco
455 1336 492 1403 in
520 1358 639 1405 vocum
672 1357 834 1405 novarum
868 1334 987 1404 ordine
1021 1334 1132 1402 omnia
1163 1339 1245 1402 sunt

157 1450 330 1521 afferenda
361 1452 555 1543 composita,
589 1475 675 1543 quae
709 1454 821 1521 aliena
851 1454 893 1522 ab
921 1476 985 1520 usu
1007 1451 1186 1520 Homerico
1207 1452 1245 1519 in

156 1568 398 1657 Argonauticis
422 1573 604 1639 occurrunt
611 1594 619 1657 ;
653 1570 743 1660 quod
763 1570 902 1659 longum
933 1571 995 1639 eat.
1041 1569 1125 1638 Cum
1156 1568 1245 1637 enim

16 1744 17 1747 ,
156 1688 263 1758 verba
283 1688 358 1776 ipsa
379 1708 470 1755 nova
490 1710 628 1756 numero
651 1688 783 1756 minora
800 1710 900 1777 quam
919 1687 1055 1756 nomina
1077 1686 1246 1776 prodeant

156 1826 266 1894 neque
298 1805 431 1894 pariter
461 1808 564 1894 atque
595 1805 657 1873 illa
687 1805 803 1876 formis
835 1805 1058 1894 amplificatis,
1089 1804 1181 1894 quod
1202 1804 1247 1872 ad

157 1923 297 2012 stirpem
328 1923 486 2012 pertinet,
518 1930 698 2008 noventur,
733 1926 852 1991 tamen
882 1946 955 1990 oum
987 1944 1118 2010 semper
1147 1921 1247 1990 novis

157 2038 282 2108 additis
316 2039 508 2130 compositis
545 2043 693 2129 augetur
725 2041 906 2110 verborum
939 2040 1045 2128 copia,
1078 2041 1153 2107 tum
1184 2038 1246 2106 iila

157 2154 361 2224 Graecorum
382 2157 521 2244 linguae
547 2160 673 2242 aetate,
705 2142 771 2245 qua
800 2156 939 2225 ineunte
960 2155 1163 2244 Apollonius
1185 2154 1246 2222 flo-

156 2275 256 2341 rebat
263 2273 296 2361 1).
342 2274 416 2357 Quo
433 2273 640 2359 factumest,
664 2277 713 2360 ut,
737 2274 766 2342 si
781 2277 886 2343 verba
899 2273 1086 2362 composita
1101 2275 1245 2362 spectas,

156 2410 359 2478 magnopere
393 2393 435 2458 ab
467 2390 613 2460 Homero
647 2391 706 2459 iile
740 2391 957 2481 discreparet.
1001 2390 1070 2475 Qui
1102 2413 1178 2459 cum
1208 2389 1245 2456 in

156 2507 348 2576 uuiversum
360 2508 531 2597 permulta
541 2509 729 2598 composita
739 2507 1029 2576 adhibuit-sunt
1040 2506 1084 2575 ad
1096 2506 1243 2592 760²)-

155 2626 228 2691 tum
251 2624 363 2693 aliena
385 2627 427 2693 ab
454 2649 517 2694 usu
539 2625 717 2694 Homerico
740 2626 805 2693 304
826 2626 883 2714 (40
895 2625 960 2713 0Ιο),
992 2647 1034 2693 ex
1057 2624 1178 2714 quibus
1200 2626 1245 2693 ab

30 2739 32 2742 ’
155 2742 228 2830 ipso
245 2746 349 2830 poeta
364 2742 429 2810 160
443 2746 569 2811 novata
583 2746 664 2812 suut
680 2742 735 2830 (21
748 2742 813 2831 ⁰10).
858 2743 908 2812 Ut
923 2745 1039 2811 autem
1056 2742 1148 2810 inter
1161 2740 1245 2811 haec

157 2859 222 2927 160
242 2883 316 2927 cum
337 2860 642 2951 praepositionibus
665 2861 850 2950 composita
865 2863 970 2929 verba
991 2859 1152 2950 pleraque
1175 2859 1244 2928 sint

157 2976 252 3065 opica
273 2978 328 3045 vel
351 2977 493 3066 poetica,
527 3001 569 3046 ex
591 2979 642 3046 rei
662 2985 787 3046 natura
814 2977 977 3067 sequitur.
1020 2976 1095 3060 Quo
1119 2999 1162 3046 ex
1183 2999 1244 3044 no-

157 3116 247 3162 mero
272 3093 408 3182 singula
430 3094 532 3184 digua
554 3117 641 3184 quae
663 3098 857 3164 tractentur
880 3094 1040 3162 videntur
1062 3115 1143 3162 ease.
1220 3104 1223 3110 ‘

245 3209 327 3278 Cum
350 3209 537 3280 Schmidius
554 3212 675 3301 (Attic.
691 3211 754 3296 IV,
771 3236 803 3301 p.
819 3211 883 3279 711
896 3212 953 3298 ss.)
975 3209 1243 3300 praepositiones

157 3331 206 3406 εἰς
220 3330 257 3394 et
272 3327 352 3413 μετά
368 3328 556 3416 posteriore
575 3331 691 3397 aetate
706 3352 779 3396 cum
794 3328 906 3397 verbis
920 3328 1012 3395 haud
1025 3326 1142 3394 multis
1164 3349 1243 3394 eon·

156 3444 289 3513 iunctas
313 3467 385 3513 esse
408 3444 678 3532 demonstrasset,
703 3445 843 3515 eundem
866 3446 918 3515 rei
939 3466 1154 3534 progressum
1175 3443 1243 3511 iam

158 3560 428 3630 antechristum
451 3564 606 3651 cognosci
627 3586 724 3652 posse
743 3561 955 3631 confirmavit
969 3561 1146 3650 Maysorus
1169 3559 1242 3647 (1.1.

156 3701 189 3768 p.
212 3678 312 3767 497):·
352 3679 413 3766 „In
446 3680 670 3748 auffallender
691 3680 806 3750 Weise
835 3683 951 3749 treten
980 3701 1091 3767 gegen
1123 3676 1243 3746 friher

159 3862 364 3874 μ

248 3973 275 4041 1)
293 3969 328 4026 cf.
348 3985 389 4040 ea,
419 3986 490 4039 quaa
509 3971 662 4042 Mayaerua,
688 3971 780 4027 Gram.
799 3969 825 4026 d.
844 3970 912 4040 Pap.
937 3987 964 4040 p.
983 3972 1037 4026 496
1047 3985 1069 4025 s.
1095 3967 1242 4038 congessit.

246 4073 275 4143 2)
295 4071 393 4141 quibus
426 4072 556 4141 numeris,
587 4073 689 4142 quippe
715 4072 762 4142 qui
785 4071 939 4128 Wellaueri
965 4069 1055 4126 indica
1079 4069 1243 4138 innitantur,

159 4187 300 4243 summam,
327 4189 409 4244 quam
427 4188 462 4230 ue
479 4189 525 4230 ras
550 4172 659 4242 quidem
684 4173 816 4244 postulat,
841 4172 1109 4229 subtilitatenesae
1133 4169 1244 4227 minime

159 4273 327 4332 contendam.
