2842 4942
691 335 733 401 52

170 503 251 589 799,
288 502 394 574 nullis
429 509 498 577 nisi
530 507 583 576 his
620 508 702 577 locis
739 508 853 577 allatis
890 505 1080 590 invenitur,
1116 498 1240 570 cumin

168 622 323 710 pedestri
341 647 491 694 sermone
509 625 627 712 διχιὶζω
646 624 850 712 „dividere“,
874 623 1027 714 quamvis
1049 643 1138 706 rare,
1160 640 1240 705 usur·

168 743 278 828 petor,
316 765 346 811 e.
378 766 430 831 gr.
461 741 550 811 Plat.
584 741 657 811 Pol.
681 743 746 810 264
755 743 798 810 D.
850 742 944 811 Idem
978 742 1093 809 autem
1123 737 1241 805 Aratus

169 857 273 944 δέχας,
297 861 435 946 δίχασις,
460 862 576 948 διχαίω
598 860 751 931 novavit.

255 992 306 1062 Ut
334 998 438 1082 poeta
468 995 579 1084 spicue
610 1018 705 1064 suum
733 997 768 1063 in
799 1016 896 1063 usum
918 1008 1033 1064 vocem
1056 990 1158 1080 διχάω
1185 987 1244 1056 for·
1290 1008 1293 1093 g

167 1109 285 1192 mavit,
309 1112 358 1178 sic
372 1135 435 1200 pro
451 1113 556 1181 verbo
573 1115 719 1195 σιαλάζω
740 1112 797 1183 vel
818 1113 993 1180 σταλάσσω
1015 1108 1133 1200 posuit
1153 1103 1258 1190 metri
1291 1132 1293 1143 ·

166 1227 374 1296 necessitate
408 1231 543 1298 coactus
577 1231 721 1316 σταλάω,
755 1230 818 1297 962
848 1221 923 1297 οἷον
957 1227 1104 1294 σεαιάον
1136 1219 1245 1309 popter
1291 1260 1293 1269 =

167 1343 222 1411 ε’πὶ
237 1345 335 1412 ὕδασι
350 1346 453 1431 ὕδωρ.
491 1345 590 1429 Quod
604 1347 692 1415 idem
703 1346 818 1435 Apoll.
834 1345 990 1414 imitatus
1008 1346 1076 1412 eat:
1097 1340 1160 1425 IV,
1173 1336 1247 1406 1064

166 1463 300 1529 σταλάει
319 1461 349 1529 δ’
369 1463 436 1530 ὕπο
452 1463 558 1549 δάκρυ
573 1465 709 1551 παρειὰς
729 1470 734 1546 Ι
753 1462 952 1551 μυρομένης.
987 1458 1145 1528 Tertium
1158 1454 1246 1524 huius

164 1578 257 1647 modi
271 1578 483 1647 formationis
500 1580 686 1669 exemplum
702 1580 870 1648 Arateum
893 1581 949 1647 cst
963 1579 1107 1648 verbum
1121 1572 1247 1662 epitom

165 1695 230 1763 796
246 1699 430 1782 σμιτόωσαν
446 1700 599 1783 σελήνην.
633 1698 749 1785 Atque
772 1696 876 1765 simili
897 1695 1033 1764 ratione
1044 1694 1070 1780 ¹)
1092 1693 1130 1760 in
1145 1689 1248 1779 spicas

166 1811 365 1880 elocutionis
388 1835 485 1880 usum
507 1817 635 1881 novata
650 1816 704 1881 est
718 1836 785 1882 vox
804 1816 936 1897 κεδαίω,
961 1811 1051 1880 sicut
1075 1811 1119 1877 ab
1144 1804 1249 1876 eodem

164 1927 276 1996 Arato
293 1931 418 2015 διχαίω,
440 1929 506 1995 410
521 1928 628 2018 (159):
652 1931 863 2015 κεδαιόμεναι
886 1966 929 1976 -
953 1940 1042 2014 νῆες.
1088 1924 1157 1994 Hie
1177 1941 1250 2011 quo·

165 2067 231 2133 que
254 2049 407 2114 sectatur
427 2046 523 2112 illum
545 2045 755 2134 Apollonius,
787 2047 836 2131 II,
853 2047 917 2114 626
946 2043 1098 2133 μελεισιὶ
1130 2040 1250 2110 uetant

163 2185 264 2248 μενος
286 2161 489 2242 δανέεσθαις
513 2160 554 2229 cf.
568 2161 782 2247 Nicandrum,
806 2162 855 2230 th.
870 2163 953 2249 4255
978 2162 1119 2231 e1.545.
1164 2160 1251 2245 Quae

163 2277 275 2345 forma
296 2300 454 2366 praesens
475 2281 527 2345 est
550 2278 672 2346 aoristi
693 2278 863 2347 Homerici
885 2279 1054 2366 ἐκέδασσε,
1078 2280 1251 2346 κέδασθεν.

249 2412 407 2480 Tertium
429 2418 542 2480 autem
564 2414 734 2500 epicorum
755 2436 862 2502 genus
884 2415 1080 2494 verborum,
1117 2434 1251 2503 quorum

163 2528 318 2617 exempla
340 2529 472 2595 Aratus
495 2551 626 2616 quoque
653 2552 743 2598 nova
764 2533 916 2618 praebet,
949 2534 1032 2599 sunt
1054 2528 1121 2600 iila
1141 2529 1250 2612 verba,

161 2645 306 2733 quaein
329 2645 406 2710 -ιιίω
429 2644 564 2712 cadunt.

248 2778 401 2846 Verbum
424 2777 512 2844 enim
534 2778 656 2843 εὐδιάω
687 2779 791 2847 nullis
820 2779 888 2847 nisi
914 2781 1018 2871 epicis
1041 2780 1167 2850 formis
1189 2800 1252 2847 non

159 2893 227 2962 nisi
250 2893 340 2981 apud
361 2893 511 2960 Aratum
533 2892 702 2982 Aratique
733 2895 926 2964 imitatores
956 2897 1158 2966 iuvenitur:
1191 2894 1251 2964 899

159 3014 246 3089 Διὸς
269 3012 478 3087 εὐδιόωντος.

248 3144 332 3212 cum
361 3142 493 3210 Aratus
525 3165 639 3211 vocem
664 3146 778 3223 εὔδιος
808 3168 939 3236 semper
968 3153 1083 3215 cumi
1111 3151 1252 3239 usurpet

159 3258 399 3349 (784,823a1.)‚
411 3256 497 3326 hauc
504 3260 598 3327 verbi
605 3260 782 3347 prosodiae
793 3263 1083 3350 permutationem
1095 3265 1253 3354 analogia

158 3379 349 3443 ceterorum
377 3376 413 3441 in
443 3375 519 3439 -ιάω
548 3374 771 3443 desinentium
793 3380 973 3445 verborum
998 3382 1165 3451 effectam
1183 3401 1253 3451 esse

156 3491 377 3559 manifestum
408 3496 477 3569 est,
511 3489 602 3557 haud
632 3490 734 3559 aliter
768 3496 870 3581 atque
902 3497 1012 3564 εὔδιοι
1041 3497 1113 3588 Ap.
1139 3499 1169 3583 I,
1192 3496 1251 3567 521

157 3607 403 3675 adiectivorum
424 3606 460 3672 in
482 3629 549 3682 -ιος
570 3604 795 3674 desinentium
818 3610 1008 3698 exemplum
1032 3615 1206 3704 sequitur.

287 3752 354 3839 Ap.
378 3751 407 3834 I,
431 3749 497 3816 424
520 3747 574 3815 ἐπὶ
597 3747 722 3818 πόνιὸν
745 3752 935 3838 ε’λενσόμεδ
961 3757 1170 3841 εὐδιόωνσες

356 3865 405 3949 ΙΙ,
429 3865 493 3931 903
515 3865 636 3949 τέμνον
658 3871 765 3935 πλόον
788 3870 985 3952 εὐδιόωντες

341 3979 403 4065 IV,
427 3979 493 4048 933
513 3981 673 4068 δελφῖνες
693 3982 775 4063 ὑπὲξ
798 3984 876 4063 ἁλὸς
898 3987 1120 4080 εὐδιόωντεςς
1243 4059 1246 4066 ,

247 4237 275 4308 1)
295 4234 393 4305 quibua
412 4233 554 4293 devertis
572 4235 828 4306 epicurorum-131.
846 4255 875 4311 p.
893 4243 956 4300 686.
