2842 4942
686 385 730 458 15

163 561 231 654 qua
245 559 653 651 Buttmannnstldimt:
687 565 762 652 ,oin
792 561 1102 643 alexandrinisnlres
1126 561 1250 653 nge·

163 680 265 762 stitok
284 681 334 753 ist
353 682 409 751 bei
431 681 497 771 Ap.
520 681 586 749 Rln
609 685 760 768 τετμηότι
790 683 826 751 in
854 680 1094 773 passivischem
1115 679 1249 762 Sinne“.

165 796 204 872 Si
224 796 339 878 tsmen
366 821 434 888 qus
466 798 524 868 via
555 798 598 866 ad
628 799 715 867 hanc
748 802 996 868 monstruosam
1017 798 1162 866 formam
1183 797 1251 888 Ap.

163 916 308 997 venerit,
340 916 549 1004 perscrutari
579 938 745 1002 conamur,
778 916 999 986 conferendae
1022 919 1101 986 sunt
1124 914 1251 984 similes

163 1032 305 1100 Homeri
326 1032 502 1118 formae2),
534 1036 718 1122 κεκαφηώς,
760 1037 906 1120 τετιηώς,
938 1035 1116 1121 κεχαρηώς,
1152 1036 1250 1118 βεβα-

167 1151 265 1237 ρηώς,
287 1152 439 1236 τετληώς,
470 1153 631 1237 πεπτηώς,
661 1154 821 1239 κεκμηώς,
844 1174 929 1241 quae
953 1172 1065 1219 omnes
1089 1149 1250 1218 intransi·

164 1267 272 1336 tivam
287 1288 387 1356 quam
404 1267 543 1345 dicimus
558 1268 627 1338 vim
642 1267 797 1339 iuduunt.
843 1269 897 1337 Ex
913 1268 1032 1358 quibus
1055 1266 1157 1336 facile
1179 1269 1250 1341 tres

163 1383 292 1451 formae
323 1407 386 1472 pro
418 1384 562 1474 passivis
595 1385 680 1453 sumi
709 1389 860 1474 possunt,
895 1388 1039 1471 τετιηώς,
1073 1384 1250 1472 κεχαρηώς,

163 1500 344 1586 βεβαρηῶς.
398 1501 447 1568 Et
486 1502 554 1569 iam
587 1502 679 1591 apud
711 1500 896 1570 Homerum
933 1504 1068 1587 τεταχώς
1098 1522 1119 1568 a
1147 1524 1251 1586 τετιη-

163 1616 264 1703 μένος
277 1618 350 1685 loeo
366 1621 494 1687 motum
510 1641 583 1687 esse
597 1618 757 1703 videmus,
781 1642 854 1687 cum
869 1617 961 1686 illins
976 1619 1107 1686 formae
1121 1618 1251 1685 nullum

164 1734 351 1823 exemplum
372 1735 410 1802 in
432 1734 594 1824 Odyssea,
627 1757 687 1805 sex
714 1736 750 1804 in
772 1736 880 1805 Iliade
903 1736 939 1824 (I
959 1736 1010 1821 13,
1034 1736 1092 1822 30;
1116 1735 1196 1821 6953
1220 1738 1251 1800 A

165 1852 231 1919 555
255 1882 295 1909 =
319 1857 349 1918 P
368 1852 443 1936 664,
466 1857 499 1919 a
520 1853 609 1938 283),
631 1853 730 1921 huius
753 1875 812 1922 sex
833 1853 869 1920 in
892 1852 964 1937 Od,
992 1851 1064 1920 tria
1084 1851 1121 1918 in
1142 1850 1250 1919 Iliade

164 1967 394 2054 inveniantur,
430 1973 533 2059 atque
565 1993 638 2038 cum
669 1970 876 2058 singularem
904 1969 1049 2038 formam
1070 1971 1251 2057 κεχαρηότα

163 2090 203 2151 Η
222 2085 286 2153 312
317 2087 479 2176 legamus,
512 2086 548 2154 in
569 2087 706 2175 hymnis
736 2087 988 2172 recentissimis,
1021 2084 1097 2156 Cer.
1120 2085 1185 2153 458
1215 2088 1252 2153 et

164 2204 246 2288 VII,
272 2205 313 2273 10
341 2206 529 2274 invenimus
560 2205 688 2275 formas
718 2207 901 2295 κεχάρηντο
929 2209 965 2274 et
987 2204 1203 2292 κεχαρημένοι
1215 2204 1250 2295 ⁸).

163 2320 314 2404 Quocum
344 2325 429 2392 bene
463 2324 630 2409 convenit,
665 2323 753 2413 quod
775 2324 842 2413 Ap.
865 2323 977 2392 nullas
1000 2322 1067 2390 nisi
1097 2322 1251 2411 passivas

162 2436 291 2507 formas
323 2439 560 2527 (κεχαρημένος
589 2441 618 2524 Ι,
644 2440 739 2525 1104,
772 2439 962 2526 τετιημένος
983 2439 1050 2525 ΙΙΙ,
1073 2439 1156 2527 491;
1188 2437 1251 2521 IV,

165 2555 266 2643 1250,
291 2554 340 2638 ΙΙ,
363 2555 441 2643 864)
464 2556 613 2625 adhibet.
659 2558 735 2641 Qua
763 2556 800 2624 in
828 2556 1028 2625 necandam
1058 2555 1154 2623 illam
1184 2554 1253 2625 vim

136 2672 400 2760 ‚cognoscimus
434 2694 519 2762 quae
551 2674 702 2743 omnibus
735 2674 944 2764 temporibus
979 2674 1016 2741 in
1049 2672 1175 2762 linguis
1197 2672 1253 2742 de·

165 2788 390 2879 prehenditur
411 2789 474 2858 hoc
504 2791 663 2874 efficiens,
697 2794 738 2859 ut
760 2791 888 2860 formas
913 2794 1078 2880 exaequet
1101 2812 1174 2857 cum
1195 2813 1253 2859 no·

165 2904 315 2974 tionibus
325 2907 358 2992 ⁴).
404 2906 560 2976 Tertium
592 2911 706 2977 autem
736 2910 886 2992 verbum,
920 2912 1046 2995 βαρεῖν,
1083 2906 1165 2996 quin
1185 2905 1251 2996 Ap.

164 3023 353 3091 transitiva
375 3024 621 3112 significatione
636 3047 678 3093 ex
693 3024 822 3093 usitato
838 3023 932 3092 illius
948 3023 1074 3092 aetatis
1098 3044 1253 3093 sermone

165 3140 251 3208 bene
274 3141 420 3225 noverit,
454 3138 606 3210 dubitari
629 3142 688 3210 vix
709 3144 834 3231 potest,
868 3141 957 3230 qnod
980 3143 1022 3209 ab
1045 3141 1253 3230 Hippocrate

165 3256 246 3341 VH,
269 3259 336 3335 578
358 3257 387 3324 L
410 3261 446 3326 et
467 3261 589 3348 postea
618 3260 738 3327 crebro
760 3279 782 3326 a
803 3258 921 3326 multis
951 3258 1172 3346 scriptoribus
1195 3258 1253 3326 ad·

163 3373 308 3443 bibitum
330 3378 386 3445 est
406 3374 485 3464 (Dio
502 3375 595 3446 Cass.
610 3376 663 3462 46,
681 3376 739 3461 32;
762 3375 843 3443 Luc.
867 3374 946 3444 dial.
962 3399 1004 3442 m.
1024 3376 1075 3461 10,
1095 3375 1134 3462 4;
1158 3399 1253 3442 κατα·

171 3602 177 3612 ’
256 3629 283 3700 1)
302 3629 349 3686 Gr.
370 3629 432 3700 Spr.
452 3630 485 3701 11,
505 3647 531 3700 p.
551 3633 611 3688 298.

256 3733 285 3801 2)
305 3746 374 3799 quas
392 3729 465 3787 idem
482 3732 667 3787 Buttmannns
686 3731 805 3810 collegit,
821 3730 839 3786 l.
857 3731 876 3786 l.
895 3731 916 3800 I,
936 3733 996 3786 416.

255 3836 283 3903 3)
305 3833 490 3903 κεχαρήσεται
507 3843 531 3904 ψ
550 3835 602 3902 266
622 3833 728 3902 coristi,
750 3838 782 3888 ut
800 3833 841 3888 ita
859 3832 957 3901 dicam,
983 3831 1107 3886 futurum
1127 3828 1181 3884 huc
1199 3845 1255 3885 non

164 3933 293 4005 pertinet,
320 3934 350 3990 id
374 3932 447 4003 quod
475 3951 509 3990 ex
535 3933 613 3990 098
632 3931 820 4005 κεχαρησέμεν
848 3932 976 4002 cognosci
1002 3947 1084 4003 posse
1112 3928 1254 3986 adnotavit

165 4036 196 4092 G.
216 4036 340 4091 Schulze.

168 4130 170 4134 ’
255 4138 284 4208 4)
304 4152 358 4206 quc
378 4135 412 4194 de
430 4153 462 4195 re
481 4139 558 4208 Paul,
578 4137 736 4208 Prioripien
756 4136 806 4193 der
824 4134 1095 4206 Sprachgeschiohte,
1122 4135 1204 4207 §180
1215 4151 1250 4192 ss.
