2842 4942
687 329 733 397 49

167 505 263 589 φεόν.
316 503 412 587 Quae
444 505 551 575 verba‘
579 504 734 594 loquitur
763 503 888 575 Castor
918 503 954 575 in
984 503 1104 573 fabula
1131 503 1256 591 Amyci

164 619 413 710 Argonautica,
437 621 524 691 unde
539 621 758 711 Apollonium
779 643 896 692 vocem
917 621 1051 691 novisse
1075 620 1255 691 verisimil³

163 735 285 807 limum
300 739 364 807 est.
400 737 528 807 Eadem
547 737 635 806 enim
656 737 790 806 ratione
805 761 879 806 cum
894 738 1088 808 accusativo
1111 738 1257 807 medium

163 854 234 944 Ap.
251 877 383 944 quoque
399 857 591 925 construxit
605 855 633 941 1,
650 855 736 924 1327
751 857 839 942 μάλα
853 859 896 943 δή
910 881 951 943 με
965 867 1054 946 κακῷ
1070 856 1255 925 ἐκυδάσσαο

163 974 278 1063 μύθῳ.

257 1089 361 1159 Cuius
395 1090 487 1160 vocis
521 1091 564 1160 de
597 1091 728 1180 origine
764 1092 830 1161 etsi
862 1090 948 1159 nibil
981 1092 1070 1160 certi
1106 1089 1257 1181 proferri

161 1209 296 1297 potest,
317 1210 432 1277 tamen
455 1207 608 1298 exempla
622 1207 846 1297 Epicharmea
860 1208 1009 1277 doricam
1032 1207 1136 1279 fuisse
1151 1207 1256 1276 -cui

163 1309 361 1394 sententiae
393 1325 450 1395 vel
480 1324 655 1414 Sophoclis
687 1349 767 1394 usus
801 1327 917 1395 obstat
938 1364 981 1376 -
1003 1325 1138 1394 minime
1169 1347 1254 1395 com-

160 1445 327 1530 probant,
341 1442 418 1532 quia
425 1441 620 1531 Epicharmi
631 1443 797 1512 dialectus
812 1443 962 1512 ionismis
973 1442 1254 1530 haudcarebat1).

256 1559 352 1644 Quae
383 1558 493 1628 adhuc
525 1561 749 1629 tractavimus
791 1561 897 1629 verba
931 1560 1042 1629 omnia
1074 1559 1141 1628 iam
1174 1552 1292 1638 antei
1315 1551 1367 1618 19·

161 1675 346 1766 Apollonii
373 1679 529 1766 tempora
562 1677 599 1744 in
621 1676 829 1747 Graecorum
864 1677 1000 1766 scriptis
1033 1677 1255 1747 inveniuntur

160 1815 277 1883 neque
293 1794 426 1863 omnino
449 1794 561 1863 aliena
584 1797 666 1863 suut
687 1817 708 1863 a
727 1794 891 1863 communi
911 1817 1051 1885 poeseos
1068 1795 1255 1863 elocutione

164 1914 232 1980 aut
250 1932 273 1979 a
290 1914 412 2000 poetae
433 1911 539 2001 ipsius
563 1911 718 1996 dialecto,
742 1935 841 2000 quam
859 1912 956 1979 ‘Ibida
974 1911 1081 1980 fuisse
1102 1912 1253 1996 vidimus,

163 2027 204 2097 id
220 2027 312 2117 quod
326 2051 369 2097 ex
385 2051 423 2097 eo
441 2051 573 2117 quoque
588 2029 678 2118 quod
688 2028 919 2097 Alexandriae
936 2029 1032 2096 illum
1049 2031 1166 2098 uatum
1182 2051 1256 2098 esse

166 2144 324 2230 tradunt,
340 2145 575 2214 concludamus
590 2147 738 2236 oportet.
771 2143 854 2212 Cum
867 2167 955 2213 nunc
968 2145 1031 2214 illa
1042 2149 1157 2231 verba,
1170 2168 1257 2235 quae

165 2262 204 2331 in
232 2261 427 2351 aequalium
457 2263 660 2331 carminibus
688 2262 859 2351 leguntur,
899 2264 1107 2352 perscrutari
1137 2285 1256 2352 aggre-

169 2379 312 2464 diamur,
335 2379 536 2448 monendum
551 2383 612 2463 est,
635 2379 808 2468 quodiam
825 2379 924 2448 initio
946 2380 987 2448 de
1009 2380 1144 2448 ratione
1163 2380 1256 2448 inter

167 2495 482 2565 Alexandrinorum
517 2499 696 2585 poetarum
725 2496 873 2564 carmina
904 2495 1137 2566 intercedente
1169 2497 1256 2564 dixi-

167 2636 257 2682 mus:
281 2637 342 2682 nos
357 2614 394 2682 in
408 2613 605 2682 universum
620 2613 759 2697 nescire,
776 2617 855 2682 uter
870 2613 982 2682 utrius
999 2613 1148 2702 vestigia
1162 2637 1254 2702 pres·

168 2730 283 2799 sisset.
317 2729 443 2800 Tamen
457 2730 619 2799 nonnulla
634 2734 714 2799 sunt
728 2734 833 2799 certa.
869 2728 952 2798 Cum
967 2753 1083 2800 vocem
1098 2742 1255 2817 γατομεῑν

167 2870 265 2916 nemo
288 2847 507 2936 usurpaverit
528 2847 595 2915 nisi
618 2848 682 2936 Ap.
707 2847 756 2932 II,
781 2849 867 2915 1005
898 2852 1009 2935 χθόνα
1039 2847 1256 2935 γατομέοντες

168 2967 206 3035 et
227 2964 408 3056 Lycophro
431 2965 506 3048 268,
533 2964 626 3048 1396,
661 2965 811 3039 dubitari
839 2989 907 3033 non
929 2969 1054 3054 potest,
1087 2965 1168 3054 quin
1190 2966 1254 3055 Ap.

168 3103 213 3151 ex
226 3080 454 3172 Lycophrona
470 3081 655 3172 sumpserit
674 3081 737 3151 hoc
759 3084 801 3149 ab
824 3082 917 3171 epico
941 3105 1093 3151 sermone
1114 3105 1254 3173 prorsus

167 3198 355 3268 abhorrens
389 3201 538 3269 verbum.
599 3199 806 3288 Quamquam
843 3199 929 3267 enim
964 3199 1129 3268 Homerus
1167 3198 1255 3268 tales

167 3339 246 3385 oum
264 3341 320 3403 γη-
335 3317 537 3406 compositas
561 3339 660 3386 voces
683 3339 751 3385 non
772 3319 925 3406 praebet,
948 3319 1063 3385 tamen
1085 3319 1146 3384 aut
1168 3340 1255 3402 γειο-

167 3445 285 3520 τομεῑν
307 3437 368 3503 aut
390 3444 569 3521 γεωτομεῖν
600 3433 726 3503 formas
759 3434 853 3523 cpico
883 3433 1002 3521 generi
1026 3432 1159 3501 dicendi
1179 3455 1255 3501 con·

168 3549 345 3619 venientes
376 3573 450 3619 esse
478 3551 696 3619 manifestum
728 3555 798 3635 est,
830 3549 926 3620 velut
948 3551 1015 3639 Ap.
1038 3550 1111 3639 ipse
1139 3550 1168 3635 Ι,
1191 3550 1255 3619 687

167 3670 346 3755 γειοτόμον
355 3706 397 3717 -
407 3669 560 3756 ἄροτρον,
570 3668 597 3753 l,
606 3668 693 3735 1214
704 3670 836 3753 βοὸς-
846 3670 1031 3764 γεωμόρου,
1042 3666 1208 3735 Maximus
1222 3688 1254 3732 rr.

167 3809 309 3875 καταρχ,
320 3784 384 3853 499
405 3787 569 3871 γεωτομία
584 3787 779 3874 posuerunt.
818 3783 945 3853 Forma
959 3794 1116 3870 γατομεϊν
1130 3785 1254 3868 autem,

263 4066 290 4136 1)
309 4064 386 4120 cuius
411 4063 453 4120 rei
478 4063 631 4134 exemplum
660 4062 735 4120 dedit
754 4063 824 4119 Guil.
844 4061 973 4118 Schulze:
1001 4077 1080 4117 usum
1105 4060 1179 4118 vocis
1207 4054 1255 4130 ὧν,

165 4164 328 4223 Herodoteo
353 4181 429 4222 more
454 4165 483 4222 in
510 4165 592 4222 tmesi
621 4164 776 4234 adhibitam
807 4163 842 4219 fr.
869 4166 920 4219 124
931 4162 965 4219 K.
994 4157 1036 4219 ἐπ’
1057 4157 1097 4219 ὧν
1128 4159 1254 4234 tulupam

166 4267 367 4339 mmm&

1024 4367 1048 4437 4
