2842 4942
689 316 733 382 26

166 491 299 578 saepius
330 490 495 559 usitatum
518 491 709 580 optativum
731 512 813 575 esse,
846 496 960 560 tamen
981 513 1084 580 porro
1107 489 1254 561 aliaest

165 608 247 677 haee
268 631 324 676 res
348 611 451 697 atque
475 609 504 677 si
519 607 617 676 Philo
640 608 969 698 optativoerebrius
993 608 1189 698 aequalibus
1213 613 1250 678 et

165 747 323 813 perverse
353 749 434 794 usus
466 726 562 794 illam
593 727 735 794 turmam
765 729 932 795 mortuam
954 749 1029 795 esse
1057 727 1251 796 luculenter

163 842 387 911 demonstrat.
1168 929 1171 934 ι

253 959 381 1042 Quibus
405 961 592 1029 enuntiatis
621 983 711 1032 mere
740 960 896 1029 finalibus
919 962 987 1030 alia
1009 959 1173 1030 nonnulla
1196 962 1253 1030 ad·

167 1076 275 1144 denda
299 1080 387 1161 sunt,
421 1100 462 1144 ex
484 1078 604 1166 quibus
626 1078 715 1145 idem
737 1079 948 1168 perspicitur.
995 1079 1119 1147 Sensus
1142 1079 1254 1168 igitur

165 1193 276 1261 finalis
308 1195 493 1262 enuntiatis
523 1195 613 1262 inest
643 1195 749 1263 hisee:
781 1196 810 1279 Ι,
835 1195 914 1262 338:
954 1195 1071 1263 ἕλεσθε
1103 1199 1253 1284 ὄρχαμον

164 1312 298 1410 ὑμείων,
325 1304 351 1398 ᾧ
366 1336 424 1378 νεν
439 1314 479 1377 τδ
494 1311 614 1378 ἕκαστα
629 1312 770 1397 με’λοιτο.
814 1313 876 1396 IV,
890 1313 993 1381 1658:
1018 1317 1106 1401 ἔχετε
1121 1323 1187 1400 νήα
1199 1354 1251 1400 -,

164 1429 240 1506 εἵως
262 1452 320 1495 αεν
343 1428 415 1513 ἐμοὶ
438 1429 535 1510 είξειε
558 1433 710 1516 δαμήναι,
745 1452 830 1519 quae
864 1430 1017 1519 exempla
1038 1430 1167 1500 habent
1183 1431 1252 1499 Ho-

163 1545 295 1628 merios,
329 1567 357 1612 e.
380 1568 430 1634 gr.
454 1571 474 1612 τι
497 1545 560 1613 431
573 1569 605 1615 ss
616 1545 650 1634 1),
682 1546 772 1613 haud
805 1546 907 1615 aliter
939 1569 978 1615 aa
1010 1547 1073 1631 IV,
1098 1548 1184 1616 1508
1197 1572 1253 1617 ss:

165 1663 236 1730 ἀλλ’
269 1657 298 1751 pt
327 1688 387 1731 κεν
409 1703 452 1713 -
474 1667 677 1752 μελάγχιμον
709 1668 761 1732 ίδν
793 1664 882 1750 ἐνείη
911 1669 1063 1746 ζωόντων
1095 1704 1145 1750 -,
1176 1666 1251 1733 οὐδ’

164 1781 291 1849 ὁπόσον
314 1786 456 1868 πήχυιον
479 1782 512 1861 ἐς
537 1784 632 1849 Ἅιδα
662 1786 790 1868 γίνεται
823 1779 918 1869 οἶμος
940 1783 974 1871 (β
997 1783 1072 1871 53.).
1116 1781 1251 1852 Pendet

165 1899 285 1968 deinde
307 1899 523 1968 enuntiatum
547 1899 780 1967 secundarium
803 1923 821 1968 e
844 1903 946 1970 verbo
969 1901 1111 1969 timendi
1132 1902 1160 1987 Ι,
1184 1902 1251 1969 481

165 2018 275 2101 δείδω,
298 2020 415 2103 μήπως
437 2019 477 2082 oo
501 2041 558 2103 μοι
580 2019 744 2102 ὑποσταίη
765 2021 803 2084 τό
827 2042 864 2102 γε
886 2021 1011 2104 μήτηρ,
1042 2021 1180 2087 sverbo
1195 2040 1254 2086 eu-

164 2132 278 2201 randi:
302 2133 330 2218 Ι,
347 2134 412 2201 490
436 2135 558 2220 φράζεο
575 2135 605 2200 δ’
625 2134 739 2212 ὅππως
755 2146 867 2220 χεῖρας
886 2134 963 2220 ἐμδς
986 2137 1063 2213 σόος
1086 2135 1253 2220 ἐξαλέοιο;

164 2273 228 2339 quo
251 2250 466 2319 referendum
490 2253 543 2318 est
566 2252 670 2319 stiam
687 2252 755 2335 HI,
779 2252 843 2319 179
866 2255 1013 2338 πειρήσω
1038 2251 1070 2318 δ’
1097 2251 1254 2320 ἐπέεσσιν

165 2407 208 2416 -
223 2368 300 2434 ε’ίιί
327 2367 440 2435 ἐθέλοι
462 2371 615 2454 φιλότητι
639 2370 736 2454 δέρος
757 2370 914 2455 χρύσειον
937 2369 1080 2436 όποίσσαι
1105 2368 1149 2456 (Λ
1161 2369 1252 2457 792.)

248 2485 402 2573 Denique
425 2484 460 2551 in
483 2485 668 2553 enuntiatis
692 2485 847 2554 relativis
870 2487 906 2552 et
927 2484 1174 2574 temporalibus
1196 2486 1251 2554 in·

162 2601 345 2670 veniuntur
368 2602 673 2690 exemplabant:

249 2718 278 2802 Ι,
302 2718 367 2786 458
390 2713 501 2787 οἷοίτε
525 2720 632 2785 πολλὰ
655 2718 725 2786 νέοι
748 2720 836 2805 παρδ
860 2717 947 2785 δαιτὶ
969 2717 1023 2785 καὶ
1047 2721 1128 2806 οίνςο
1152 2741 1251 2806 τερπ·

162 2847 229 2914 νῶς
252 2835 441 2922 ἑψιόωνται,
473 2837 516 2903 ὅτ’
541 2839 640 2915 όίατος
670 2838 767 2923 ὕβρις
798 2837 905 2922 ἀπείή,
938 2838 995 2905 ubi
1016 2837 1127 2905 forma
1148 2837 1251 2924 ἀπείη

63 3028 66 3036 ,
162 2977 203 3021 ex
218 2952 365 3022 Homero
389 2957 524 3042 sumpta
538 2956 581 3021 ab
595 2953 777 3042 Apollonio
795 2954 867 3021 sine
883 2952 984 3021 dubio
1006 2977 1067 3043 pro
1091 2955 1249 3042 optativo

160 3069 277 3138 habita
301 3074 364 3139 est.

247 3187 293 3270 Π,
319 3188 384 3255 980
406 3186 470 3254 ara
495 3187 525 3253 δ’
552 3190 689 3266 ἄλλυδις
719 3190 813 3272 ἄλλη,
846 3189 911 3275 ὅπή
942 3189 1075 3274 κύρσειε
1105 3188 1251 3273 μάλιστα

162 3306 301 3390 ἠπείρου
323 3311 507 3392 χθαμαλῆς,
530 3306 717 3371 εἱλίσσεται.

247 3420 309 3505 IV,
332 3409 436 3489 1235:
462 3421 520 3488 ὅθ’
547 3421 658 3489 οὐκέτι
680 3427 800 3499 νόστος
823 3423 950 3488 όπίσσω

247 3537 347 3624 νήυσδ
370 3538 472 3624 πέλει,
496 3539 548 3604 ὅτε
571 3542 668 3624 τόνγε
692 3539 815 3628 βιῴατο
835 3541 962 3605 κόλπον
978 3537 1120 3624 ίιιίσθαι,

161 3676 257 3742 quem
272 3655 464 3743 optativum
493 3654 584 3722 haud
607 3656 673 3725 soio
690 3678 733 3724 an
749 3678 834 3745 quae
857 3654 946 3722 latet
969 3654 1141 3723 sententia
1165 3655 1248 3723 effe·

160 3770 266 3840 uerit:
289 3792 469 3859 numquam
490 3771 589 3840 navis
612 3771 717 3840 rediit
740 3795 782 3840 ex
803 3772 863 3839 illo
887 3772 972 3839 sinu.

252 3941 410 4010 1)M0ur0,
431 3941 522 3996 Gran.
543 3941 574 3997 of
591 3943 639 3997 the
657 3943 735 3997 Hom.
756 3942 828 3997 Dial.
849 3961 875 4012 p.
896 3945 948 3998 277
958 3957 979 3996 s.

248 4042 277 4113 2)
297 4041 375 4096 Stahl
393 4042 411 4096 l.
431 4042 449 4095 l.
469 4060 495 4111 p.
515 4046 567 4098 527
587 4044 712 4114 exempla
730 4043 811 4100 huius
829 4059 904 4114 usus,
933 4058 1004 4113 quas
1022 4048 1087 4098 ante
1104 4041 1248 4114 Apollonii

158 4147 285 4213 tempora
302 4143 486 4213 inveniuntur,
511 4144 656 4215 congessit,
682 4160 717 4200 ex
743 4143 841 4214 quibus
866 4145 1018 4214 optativum
1035 4144 1126 4200 locum
1142 4142 1247 4200 habers

158 4248 222 4317 post
241 4243 384 4300 enuntatia
402 4244 530 4315 negativa
542 4243 635 4302 videre
653 4245 725 4302 licet.
