2842 4942
709 371 752 437 37

184 556 245 614 τοῦ
269 549 512 633 στερίσκεσθαι,
544 546 628 612 ἀλλὰ
654 543 708 612 sat
736 554 797 612 τοῦ
825 542 1018 630 μέμφεσθαι
1041 544 1189 627 ἤκουσαν
1212 541 1269 630 (si-

182 662 312 731 militer
335 663 378 730 ad
400 663 449 747 H,
474 663 595 749 iacob

269 780 422 849 Verbum
443 783 558 848 autem
581 781 728 847 σώεσθαι
751 817 794 827 -
815 777 862 863 Π,
881 776 966 844 1009
989 778 1173 862 Γενηταίου
1184 778 1269 855 Διὸς

180 899 287 984 ἄκρην
320 897 532 983 γνάμψαντες
565 899 694 963 σώοντο
728 894 840 983 παρὲξ
856 896 1062 982 Τιβαρηνίδα
1100 904 1199 978 γαῖαν
1231 896 1267 961 et

180 1013 248 1099 III,
264 1015 329 1082 307
361 1010 402 1099 ἦέ
429 1039 478 1092 τις
504 1016 564 1098 ἄτη
590 1013 594 1101 Ι
621 1011 802 1098 σωομένοις
828 1015 995 1097 μεσσηγὺς
1026 1009 1202 1077 ἐνέκλασεν
1226 1050 1265 1061 -

179 1135 221 1199 ut
244 1130 470 1219 significatum
491 1129 636 1199 vehendi
664 1129 847 1217 navigandi
870 1127 1076 1217 properandi
1097 1127 1264 1213 indueret,

180 1249 338 1318 effectum
374 1248 511 1317 videtur
548 1247 695 1315 confusis
741 1246 857 1314 formis
895 1246 1083 1315 Homericis
1122 1249 1264 1326 σώοντες

178 1367 288 1451 ι430,
323 1368 470 1433 σώεσκον
494 1371 522 1432 0
545 1365 609 1432 363
632 1368 668 1434 et
688 1367 793 1434 verbo
817 1363 930 1432 dorico
964 1375 1081 1450 σώμαι,
1114 1363 1203 1453 quod
1227 1363 1263 1432 in

177 1482 317 1572 Epilyci
345 1481 514 1551 comoedia
541 1483 674 1551 invenit
701 1481 899 1550 Athenaeus
930 1481 991 1566 IV,
1017 1481 1113 1548 140a
1135 1481 1190 1568 (=
1216 1481 1261 1548 fr.

176 1601 206 1686 Ι,
231 1600 295 1668 803
317 1598 439 1686 Koch),
470 1600 563 1668 cuius
593 1600 690 1668 verbi
717 1599 848 1668 formae
876 1598 1003 1667 atticae
1032 1608 1105 1684 σοῦ,
1136 1607 1264 1666 σοῦσθε

175 1717 328 1786 usitatae
350 1718 460 1785 erant.

264 1833 393 1902 crebro
409 1837 524 1903 autem
538 1834 666 1902 factum
682 1857 755 1903 esse
770 1834 987 1903 manifestum
1010 1837 1073 1918 eat,
1096 1837 1137 1902 ut
1159 1840 1261 1923 poeta
1293 1818 1375 1904 013·

176 1951 296 2020 doctus
332 1951 521 2040 veriloquio
563 1953 671 2042 magis
705 1974 805 2041 quam
848 1952 1095 2021 sententiarum
1128 1974 1256 2022 conexu

173 2068 305 2137 innisus
327 2068 482 2137 obsoleta
504 2069 670 2138 vocabula
699 2069 877 2158 reciperet.
923 2069 1042 2159 Neque
1065 2076 1180 2138 tamen
1201 2091 1258 2138 ne-

172 2185 370 2275 gligendum
399 2188 452 2254 est
482 2187 610 2274 ῥήματα
633 2190 670 2254 et
691 2186 828 2274 linguae
859 2192 993 2274 partem
1024 2209 1097 2255 esse
1125 2184 1259 2254 minime

172 2303 370 2373 mutabilem
394 2306 431 2371 et
453 2303 596 2387 omnino,
620 2325 705 2393 quae
728 2302 774 2373 sit
789 2304 886 2373 verbi
908 2303 1049 2372 miccius
1072 2303 1137 2389 vis,
1162 2325 1257 2372 accu-

172 2423 253 2489 rata
266 2420 552 2512 interpretatione
566 2420 701 2489 facilius
719 2420 874 2509 cognosci
889 2443 985 2509 posse
1001 2442 1100 2510 quam
1115 2420 1259 2510 epitheti

172 2537 229 2607 vel
245 2538 452 2607 substantivi
467 2537 625 2607 inusitati
639 2537 819 2607 notionem.
843 2537 1031 2627 Utriusque
1043 2538 1095 2606 rei
1106 2538 1259 2627 exempla

171 2654 372 2723 afferentur.

258 2772 472 2840 Homericam
502 2795 618 2841 vocem
648 2773 775 2854 ἔξαιτος
804 2776 839 2861 (β
862 2774 926 2840 307
957 2772 1067 2858 ἐρέτας
1090 2773 1255 2861 ἐξαίτους;

170 2893 211 2955 Μ
232 2889 297 2956 320
328 2882 420 2967 οἶνος
451 2889 594 2976 ἔξαιτος;
638 2890 750 2974 ε102,
775 2915 793 2957 τ
816 2891 880 2957 366
912 2890 1107 2976 ἑκατόμβας)
1140 2889 1254 2979 Apoll.

169 3029 231 3094 pro
247 3028 287 3073 eo
303 3006 393 3094 quod
408 3009 460 3074 est
481 3005 676 3095 postulatus
694 3006 839 3095 accepit:
863 3008 925 3092 IV,
942 3009 1026 3074 1004
1048 3009 1205 3094 Μήδειαν
1225 3009 1254 3074 δ’

168 3121 298 3202 ἔξαιτον
329 3121 387 3191 έοῦ
417 3122 451 3201 ές
482 3126 607 3212 πατρὸς
636 3126 790 3209 ἄγεσθαι,
823 3125 903 3212 quia
939 3125 1010 3191 sine
1046 3125 1146 3192 dubio
1181 3148 1255 3193 cum

168 3242 273 3308 verbo
297 3239 437 3321 ἐξαιτεῖν
461 3239 696 3328 coniungebat,
729 3241 817 3329 quod
841 3263 867 3309 e.
890 3264 942 3329 gr.
967 3241 1049 3310 Hdt.
1073 3243 1101 3326 I,
1125 3243 1170 3309 74
1192 3244 1255 3308 οὐκ

167 3355 284 3423 έδίδον
307 3355 485 3436 ἐξαιτέοντι
509 3360 634 3425 exstat.

256 3472 319 3557 IV,
336 3473 399 3540 231
423 3477 456 3541 εί
476 3477 522 3560 μή
545 3475 581 3539 ολ
599 3476 726 3560 κούρην
749 3475 952 3560 αὐτάγρετον
974 3515 1018 3524 -
1040 3515 1083 3526 -
1105 3476 1254 3562 ἄξουσιν,

165 3628 209 3638 -
226 3591 466 3676 -δαήσονται
489 3597 673 3676 κεφαλῇσιν
687 3591 691 3680 Ι
704 3593 811 3659 πάντα
833 3595 945 3678 χόλον,
968 3593 1027 3661 ubi
1051 3593 1255 3679 αὐτάγρετον

165 3706 208 3775 de
223 3707 340 3795 δνρεϊν
355 3710 524 3796 „capere“,
548 3707 742 3777 derivatum
759 3712 820 3794 est,
845 3731 945 3798 quam
959 3711 1028 3779 vim
1040 3710 1132 3778 illius
1155 3712 1253 3779 verbi

165 3847 238 3892 esse
262 3847 280 3892 e
303 3825 507 3913 compositis,
540 3825 638 3894 velut
661 3826 801 3912 ζωγρέώ,
832 3829 1033 3912 βαλανάγρα,
1068 3829 1099 3895 ei
1122 3852 1252 3918 quoque

164 3943 335 4009 noverant
358 3941 478 4030 quibus
496 3944 636 4010 verbum
658 3942 766 4031 ipsum
788 3943 990 4012 inusitatum
1013 3947 1099 4012 erat.
1145 3946 1252 4014 Aliud

162 4060 280 4126 autem
314 4057 487 4146 significat
519 4059 677 4144 Homero,
713 4081 737 4126 τι
761 4059 823 4126 148
867 4063 898 4126 εί
931 4061 994 4148 γάρ
1018 4084 1088 4140 τως
1110 4064 1162 4147 εἴη
1193 4064 1251 4129 αὐ-

162 4175 305 4261 τάγρετα
336 4175 444 4241 τοίντα
475 4179 660 4262 βροτοῖσιν,
690 4181 823 4261 πρῶτόν
846 4201 904 4244 κεν
929 4216 970 4225 -
995 4177 1162 4262 ἑλοίμεθα,
1192 4181 1251 4248 ubi

162 4290 212 4359 sic
233 4292 414 4360 vertimus:
441 4291 489 4378 „si
503 4291 579 4362 fieri
594 4293 710 4380 possit,
733 4295 773 4361 ut
795 4293 862 4381 ipsi
881 4293 1029 4364 homines
1053 4294 1164 4364 omnia
1185 4295 1250 4365 sibi
