2842 4942
795 357 837 424 18

272 533 449 622 gularibus
468 532 694 621 obsoletisque
706 531 843 599 vocibus
859 531 1014 599 notiones
1027 529 1186 620 exprimit
1200 530 1357 614 usitatas,

262 649 408 719 usitatis
443 650 609 718 adductus
638 647 756 716 formis
789 647 868 715 illas
899 669 1030 737 quoque
1058 669 1157 717 voces
1186 647 1287 717 novis
1307 647 1358 715 in·

272 767 396 855 struit3
441 789 519 835 nam
558 762 736 852 ἒκιιλητιω,
774 765 900 853 tostin,
944 765 1146 853 ἐρυθραίνω,
1183 768 1358 850 θερμαίνοι

272 885 413 953 eandem
436 873 538 973 atque
560 883 623 952 illa
644 884 753 953 verba
775 881 1055 971 significationem
1077 881 1213 950 habent.
1260 880 1358 950 Cete-

270 1025 345 1070 rum
376 1002 458 1070 haec
479 1000 668 1070 transitiva
697 1001 812 1070 activa
834 1023 876 1068 ex
897 999 1127 1068 intransitivis
1158 998 1277 1067 mediis
1298 1021 1358 1067 no·

270 1119 374 1189 vendi
388 1118 536 1187 facultas
558 1117 763 1208 praesertim
784 1117 974 1205 posteriore
991 1115 1198 1187 Graecorum
1219 1115 1358 1205 linguae

271 1241 386 1306 aetate
409 1240 487 1305 erat
508 1234 735 1324 permagna1).

358 1355 465 1422 Plane
495 1358 610 1422 autem
639 1353 743 1421 aliter
764 1374 819 1421 res
843 1374 879 1421 se
902 1353 939 1420 in
960 1375 1042 1422 voce
1065 1353 1218 1438 αὐχάζειν
1241 1351 1356 1435 habet,

270 1472 363 1540 cuius
395 1471 541 1540 medium
571 1470 669 1538 Hom.
692 1493 752 1558 pro
786 1493 825 1538 eo
856 1470 944 1559 quod
977 1473 1030 1538 est
1062 1468 1181 1538 videre
1212 1469 1359 1558 usurpat

268 1589 326 1678 (Ψ
352 1589 418 1656 458
449 1590 573 1667 ἵππους
603 1586 797 1676 αὐγάζομαι)
837 1588 924 1656 siout
957 1589 1024 1676 Ap.
1048 1588 1077 1672 I,
1101 1587 1175 1672 155,
1210 1586 1256 1672 H,
1282 1586 1356 1670 680,

269 1708 512 1793 κατανχάζομαι
536 1707 651 1775 eadem
674 1706 711 1774 vi
737 1706 800 1790 IV,
825 1706 910 1773 1248
934 1705 988 1792 (A.
1011 1706 1050 1773 P.
1073 1705 1136 1792 IX,
1162 1705 1214 1789 58,
1238 1705 1276 1792 2,
1301 1704 1356 1772 ἐνι-

268 1823 312 1892 Α.
334 1823 373 1891 P.
396 1823 458 1908 IX,
484 1826 536 1907 58,
553 1826 588 1910 8,
613 1823 694 1908 XII,
719 1824 771 1906 91,
788 1824 829 1907 5),
854 1845 953 1912 quam
975 1823 1147 1891 notionem
1170 1821 1259 1910 apud
1285 1823 1358 1890 tra-

269 1941 371 2029 gicos,
401 1940 669 2029 Lycophronem,
703 1939 945 2008 Callimachum
966 1939 1116 2009 activum
1147 1939 1259 2008 habet.
1305 1937 1356 2006 At

269 2058 335 2146 Ap.
359 2057 386 2143 I,
411 2059 495 2126 1231
531 2060 615 2145 πρὸς
644 2058 707 2144 γάρ
742 2058 778 2124 ολ
809 2059 981 2143 διχόμηνις
1010 2057 1065 2124 ἀπ’
1089 2056 1227 2144 αἰθέρος
1257 2055 1358 2141 αὐγά-

269 2180 371 2257 ζουσα
392 2177 493 2262 βάλλε
516 2179 674 2260 σεληναίη
697 2173 752 2260 (of.
762 2180 801 2240 H
805 2175 870 2241 421
886 2174 998 2260 ἠέλιος
1019 2173 1244 2261 αροςέβαλλεν
1260 2175 1359 2260 ἀρού-

269 2293 342 2380 ρας)
359 2295 395 2359 et
410 2291 476 2374 III,
495 2292 581 2359 1378
597 2291 819 2377 ἀστὴρ-ὅλμον
834 2294 1035 2377 ὑπαυγάζων
1050 2290 1187 2360 videndi
1201 2294 1357 2379 potestas

268 2409 377 2477 looum
392 2409 494 2478 cessit
509 2409 642 2477 notioni
653 2409 859 2498 splendendi.
906 2409 1014 2493 Quam
1029 2410 1149 2478 erebro
1169 2408 1357 2476 invenimus

125 2567 128 2572 ·
273 2526 364 2614 apud
396 2526 613 2608 recentiores,
649 2525 707 2614 qui
729 2529 857 2611 κοινην,
892 2548 992 2615 quam
1024 2525 1173 2610 dicimus,
1208 2525 1360 2612 linguam

270 2642 477 2729 scribunt²):
512 2664 540 2710 e.
564 2664 616 2730 gr.
647 2642 729 2711 Lev.
760 2642 859 2728 ΧΠΙ,
883 2641 935 2726 24,
959 2643 1012 2726 25,
1036 2643 1097 2728 26,
1131 2641 1198 2709 Sir.
1221 2642 1274 2726 43,
1300 2641 1358 2729 13,

269 2758 308 2827 H
331 2758 409 2826 Cor.
432 2759 463 2840 4,
487 2760 526 2845 4,
551 2760 728 2844 ὑπανχάζω
751 2758 849 2844 Luo.;
873 2757 1054 2846 Polyaen.;
1077 2757 1240 2827 Philostr.

222 2920 228 2935 ·
357 2874 490 2943 Ultima
506 2874 648 2963 (lenique
663 2874 761 2942 huius
777 2874 819 2943 de
834 2875 932 2944 verbi
957 2875 1137 2962 generibus
1153 2874 1359 2964 quaestionis

270 2995 371 3080 parte
394 2992 436 3059 de
457 2992 526 3061 illis
549 2993 673 3073 verbis,
706 3014 791 3081 quae
820 2992 1002 3081 generibus
1027 2993 1124 3083 quasi
1153 2991 1359 3081 permutatis

270 3108 550 3198 usurpavitAp.,
574 3112 707 3198 agetur.
1188 3085 1192 3094 Ι

357 3226 420 3312 IV,
445 3227 530 3294 1482
553 3227 730 3313 κιχησέμεν
750 3228 812 3295 inf.
835 3229 900 3295 fut.
925 3228 1029 3297 activi
1052 3227 1181 3316 legitur
1203 3249 1267 3316 pro
1289 3225 1359 3294 Ηο-

270 3342 393 3410 merico
424 3344 542 3412 futuro
573 3347 772 3431 κιχήσεσθαι
795 3345 898 3433 (aor.:
929 3347 1108 3432 κιχήσατο),
1139 3364 1226 3433 quae
1257 3341 1360 3411 medii

270 3458 402 3527 semaa
424 3461 467 3528 ab
489 3459 565 3528 aliis
595 3483 727 3549 quoque
754 3461 864 3549 poetis
896 3463 1084 3550 usurpatae
1113 3464 1193 3529 sunt
1223 3458 1358 3545 multis3

271 3575 407 3645 invenit
437 3579 553 3644 tamen
582 3576 649 3666 Ap.
681 3600 811 3666 quoque
849 3578 1068 3662 imitatorem,
1103 3577 1160 3666 qui
1194 3575 1360 3645 aoristum

272 3693 408 3780 ἐκίχησα
442 3695 599 3782 fingeret,
636 3694 721 3783 Opp.
751 3696 829 3763 Hal.
860 3696 903 3780 V,
927 3696 1000 3763 116.
1048 3695 1143 3779 Quae
1177 3693 1287 3761 forma
1320 3695 1360 3759 ut

270 3810 480 3899 gigneretur,
497 3813 621 3898 κιχάνω
638 3814 674 3879 et
689 3817 801 3899 ἔκιχον
817 3812 958 3880 alicuius
973 3813 1134 3881 momenti
1149 3812 1257 3880 fuisse
1271 3810 1359 3880 veri-

271 3927 381 3996 simile
412 3931 475 4013 est,
508 3928 588 4017 quia
620 3931 723 4018 poeta
755 3932 791 3998 et
813 3933 949 4017 κιχάνω,
980 3931 1156 4017 κιχάνομαι
1180 3931 1216 3998 et
1237 3931 1359 4021 ἔκιχον,

360 4112 387 4180 1)
406 4109 440 4164 of.
461 4111 504 4166 W.
525 4109 644 4182 Schmid,
662 4112 720 4167 Der
737 4112 898 4167 Atticismus
916 4112 965 4177 IV,
984 4129 1011 4182 p.
1031 4115 1114 4168 713s.

361 4203 389 4271 2)
409 4199 499 4256 Hodie
524 4217 632 4271 quoque
651 4201 746 4256 eadem
763 4202 877 4257 notione
894 4199 1020 4258 indutum
1038 4220 1062 4257 v.
1081 4201 1192 4272 αοχάζω
1211 4217 1228 4259 a
1247 4201 1361 4259 Graecis

270 4291 404 4350 uastum
424 4305 486 4349 esse
506 4289 630 4349 indicant
646 4291 744 4350 toxica
